1877 3137
753 572 1096 620 ΠΥΘΙΑ.

801 738 949 771 ΕῙΔοΣ
991 736 1036 776 β’.

410 893 553 955 ΤΩ
630 895 928 958 ΑὙΤΩ
1007 896 1429 974 ΙΕΡΩΝΙ,

794 1092 1073 1132 ΑΡΜΑΤΙ.

711 1383 1170 1426 ARGUMENTUM.

213 1511 286 1551 AD
320 1507 538 1562 Syracusas
571 1520 787 1547 conversus
820 1512 942 1560 poeta
969 1520 1012 1547 se
1044 1506 1101 1547 eis
1132 1506 1337 1560 hymnum
1369 1507 1470 1548 ferre
1491 1512 1658 1562 propter

214 1565 412 1608 Hieronis
451 1563 662 1605 victoriam
701 1564 884 1604 curulem
923 1563 1221 1605 nuntiat—23.

1279 1563 1416 1604 deberi
1477 1564 1657 1605 Hieroni

215 1624 416 1678 hymnum
450 1627 616 1676 propter
636 1634 799 1662 summa
833 1620 907 1662 viri
930 1621 1105 1662 merita:
1137 1621 1246 1675 quod
1280 1621 1453 1662 illustrat
1487 1621 1658 1676 antiquo

215 1680 373 1722 Ixionis
413 1678 539 1729 dicto,
582 1678 651 1733 qui
684 1677 830 1732 ingrati
868 1678 993 1719 animi
1026 1691 1174 1732 poenas
1210 1677 1300 1718 luit.

1361 1678 1463 1719 Inde
1483 1693 1505 1720 e
1526 1693 1565 1720 v·
1587 1682 1658 1720 89.

216 1738 438 1780 sententias
479 1735 708 1791 subjungit,
731 1735 879 1790 quibus
903 1735 1172 1777 narrationem
1197 1736 1345 1787 firmet,
1364 1741 1404 1776 et
1425 1750 1448 1776 a
1469 1751 1508 1777 v.
1531 1741 1600 1778 96.
1614 1749 1657 1776 se

216 1796 266 1837 ab
288 1794 502 1850 opprobrio
524 1793 846 1835 male-dicentiae
868 1792 910 1833 in
932 1794 1096 1834 heroem
1127 1799 1287 1847 purgat.

1350 1792 1450 1833 Inde
1486 1807 1525 1832 v.
1561 1798 1656 1833 101.

218 1851 269 1893 ad
299 1851 493 1893 Hieronis
515 1850 655 1891 laudes
672 1849 953 1904 progreditur:
987 1849 1207 1904 contigisse
1229 1849 1266 1890 ei
1287 1849 1530 1903 sapientiam
1553 1864 1651 1892 cum

217 1908 381 1950 virtutis
403 1914 443 1948 et
482 1909 658 1948 fortunae
681 1907 812 1948 bonis.

222 1965 310 2007 nita
329 1964 555 2020 subjungit.

785 2090 836 2130 Σ.
866 2087 907 2129 ά.

870 1908 908 1948 Α
941 1921 981 1948 V.
1021 1912 1111 1948 125.
1149 1908 1257 1948 bona
1290 1906 1458 1947 consilia
1479 1911 1520 1948 et
1557 1920 1653 1948 rno-

968 2091 1022 2128 K.
1053 2087 1097 2129 ιέ.

523 2182 588 2241 M
597 2192 1107 2242 ΕΓΑΛΟΠΟΛΙΕΣ
1134 2186 1167 2238 ὅ
1189 2187 1328 2259 Συρά-

594 2300 738 2335 κοσαι,
764 2272 1106 2344 βαθυπολέμου

271 2412 393 2449 Quibus
419 2411 501 2444 ludis
529 2412 660 2443 victoria
691 2413 757 2442 haec
787 2411 915 2446 curulis,

229 2473 299 2493 nam
328 2462 467 2492 curulem
498 2463 593 2493 fuisse
627 2462 763 2491 dubitari
796 2461 917 2499 nequir,

231 2519 318 2553 parta
348 2512 456 2551 fuerit,
482 2512 640 2553 disputant
658 2510 854 2551 grammatici
878 2510 916 2538 ad

230 2575 258 2591 v.
282 2566 312 2593 9.
342 2562 446 2592 ''P1ius
476 2562 507 2592 in
537 2561 624 2592 festis
651 2561 752 2600 epulis
781 2560 811 2589 iu
844 2559 917 2589 urbe

229 2612 339 2650 AEttffl,
381 2611 493 2640 dviude
535 2611 697 2650 syracusis
727 2610 915 2639 celebratam

231 2673 289 2692 ess«
327 2661 634 2700 opinatur-Kuiahan
663 2660 788 2691 Versuch
817 2671 846 2698 p.
866 2660 917 2689 16.

228 2711 279 2742 Ad
297 2711 497 2751 Olympicam
515 2711 609 2741 refert
628 2711 759 2740 Gurlitt.
775 2720 842 2739 naui
859 2708 916 2738 ali-

227 2771 319 2800 quam
339 2760 509 2790 obtinuisse
526 2766 631 2790 narrat
653 2759 826 2790 Pausanias
850 2758 870 2790 i.
887 2759 920 2790 8.

228 2816 259 2840 et
269 2810 319 2842 Ol.
332 2810 351 2842 ἰ.
370 2811 442 2842 176.
461 2810 639 2850 pollicetur.
657 2808 702 2840 Ex
715 2808 856 2848 Schedia]
871 2807 918 2837 Ex

972 2420 1039 2439 voc.
1063 2409 1178 2443 πάλους
1191 2421 1220 2442 v.
1235 2412 1287 2441 19.
1316 2408 1410 2439 nolim
1437 2416 1660 2448 argumentum

973 2465 1078 2500 petere
1093 2472 1102 2498 3
1128 2470 1197 2489 nam
1211 2460 1332 2500 poetice
1352 2469 1406 2499 pro
1429 2457 1520 2491 ‘la-om
1537 2458 1662 2488 omnino

973 2509 1086 2538 dicitnr
1112 2520 1206 2549 saepe.
1231 2509 1362 2539 Constat
1378 2514 1461 2537 certe
1489 2508 1570 2537 inter
1596 2519 1664 2548 eos5

974 2559 1136 2598 Pythicam
1152 2568 1211 2587 non
1230 2559 1337 2596 fuisse,
1350 2562 1380 2587 et
1393 2567 1517 2586 carmen
1532 2557 1663 2587 aliunde

975 2608 1076 2637 alieno
1091 2608 1158 2637 loco
1175 2618 1242 2636 esse
1258 2609 1416 2637 insertum.
1434 2606 1549 2636 Thebis
1566 2606 1662 2637 fuisse

972 2658 1096 2686 missum
1115 2667 1238 2686 carmen
1256 2657 1484 2693 ἰτεστολιμαῖον,
1500 2667 1516 2685 e
1536 2666 1562 2686 v.
1585 2659 1615 2688 6.
1632 2662 1662 2686 et

973 2709 1046 2738 125.
1069 2707 1282 2747 intelligitur-3
1309 2708 1401 2746 cujus
1417 2706 1542 2747 generis
1558 2714 1662 2737 tamen

973 2756 1060 2786 fuere
1104 2756 1195 2797 plura
1223 2757 1255 2787 in
1296 2756 1356 2786 hoc
1382 2757 1449 2796 ipso
1493 2756 1663 2788 volumine.

974 2807 1073 2841 Quam
1091 2806 1237 2836 idoneum
1262 2805 1324 2835 tale
1339 2805 1483 2836 carminis
1504 2815 1607 2846 genus
1622 2805 1664 2836 sit
