1877 3137
690 199 1004 242 CARMEN
1055 200 1132 243 IV.

501 327 679 385 ἧλυὲῐον,
703 321 818 376 ’ἔνθα
845 336 1002 375 κελαι-

500 408 678 459 νώπεσσι
709 405 959 475 Κόλχοισιν
987 405 1097 469 βίαν

427 490 596 551 Μῖξαν,
624 490 782 558 Αἰήτᾳ
807 490 908 560 παξ
941 489 1080 555 αὐτῷ.

296 590 384 626 380
423 572 597 625 Πότνια
625 572 658 624 δ’
688 573 906 633 ὀξυτάτων
933 568 1101 635 βελέων

433 655 664 707 Ποικίλαν
693 654 848 720 ἴϋγγα.
875 677 940 705 τε-

499 737 762 808 τςακνάμον’
795 733 1111 806 Οὐλυμπόθεν

209 912 358 945 ἔσῆλυθον.
390 913 488 944 Pauw
501 913 526 944 ἔν
542 913 776 950 Φ.-ἔνῆλυ.9ον,
792 914 901 944 aeolico
917 922 1013 949 more,
1028 911 1167 952 praefert.
1194 908 1318 950 [ἔπειτεν
1333 909 1443 942 ἤλυθον
1455 909 1604 943 Boeckh.
1616 911 1649 942 in

207 962 431 995 Commentatt.
447 975 477 1005 p.
499 964 567 995 xiv.
590 964 634 995 Ex
647 964 787 1004 Schedia]
919 964 996 994 378.
1024 961 1184 1002 Κόλχοισιν
1199 962 1337 1003 postulat
1351 966 1483 991 metrum
1499 971 1555 1002 pro
1573 960 1650 991 Κόλ-

207 1024 300 1053 χοισι.
429 1017 505 1046 379.
529 1015 645 1045 Iterum
664 1015 818 1055 peccabat
832 1014 1047 1054 interpunctio
1064 1019 1094 1043 et
1110 1013 1261 1052 junctura
1278 1011 1454 1043 verborum.
1478 1012 1652 1052 Jungenda

1433 1065 1511 1095 380.
1533 1062 1652 1092 ninovi-

210 1127 264 1144 των
279 1115 350 1147 Pal.
367 1116 403 1147 C.
426 1122 457 1146 et
473 1118 523 1149 ed.
542 1117 634 1149 Rom.
654 1117 752 1149 Brub.
770 1127 806 1148 ac
822 1127 912 1157 seqq.
930 1121 1003 1146 ante
1019 1115 1226 1151 Schmidium,
1249 1115 1304 1154 qui
1318 1113 1465 1152 ὗξυτοίτοιν
1481 1114 1643 1145 revocavit

207 1176 247 1196 ex
263 1166 345 1196 Aldo
358 1172 389 1197 et
401 1168 488 1200 Crat.
506 1169 558 1208 qui
572 1174 657 1198 certe
671 1169 703 1198 id
719 1168 885 1199 exhibent.
902 1166 1008 1197 πότνια
1022 1165 1140 1202 βελέων,
1157 1172 1192 1196 ut
1207 1164 1313 1195 πότνια
1327 1164 1423 1206 ,θηρῶν
1439 1164 1539 1194 Diana
1553 1163 1651 1196 Iliad.

208 1224 239 1256 φ.
255 1221 328 1249 470.
372 1219 422 1250 Sic
435 1225 535 1259 potens
556 1230 713 1250 armorum.
846 1220 922 1258 381,
939 1221 968 1248 2.
992 1228 1046 1246 τι-
1059 1216 1227 1258 τρᾶκναμον
1251 1215 1326 1247 edd.
1346 1221 1378 1245 et
1393 1215 1490 1246 codd.
1509 1215 1601 1245 etiam
1619 1215 1652 1244 in

209 1268 312 1301 Schol.
327 1275 483 1305 auctores,
500 1270 552 1309 qui
572 1270 716 1300 laborant
732 1268 969 1310 interpretando
984 1267 1085 1306 ἴϋγγα
1102 1265 1314 1309 τετράκναμον.
1361 1265 1423 1296 Sed
1441 1265 1654 1308 τοτρακνοὶμονῖ

210 1322 361 1362 praeclare
377 1323 558 1353 emendavit
575 1333 611 1353 ex
633 1322 740 1354 Schol.
760 1322 950 1362 Schmidius,
975 1327 1006 1351 et
1030 1321 1061 1351 in
1079 1332 1114 1351 eo
1137 1321 1202 1360 jam
1227 1319 1408 1361 Stephanus
1434 1319 1466 1349 in
1489 1319 1555 1349 suis
1580 1318 1653 1349 edd.

210 1373 387 1413 praeiverat,
410 1374 494 1404 unde
512 1374 583 1406 edd.
602 1373 789 1406 Commelin.
815 1379 846 1404 et
862 1373 968 1404 Plant.
986 1383 1064 1414 quas
1082 1372 1264 1403 Schmidius
1288 1371 1406 1406 laudat,
1421 1370 1591 1411 petierunt.
1610 1381 1656 1400 vn-

211 1424 387 1466 φρακνοὶμονι
409 1424 513 1464 κύκλῳ
534 1424 584 1467 (h.
603 1426 714 1465 τροχῷ,
729 1430 798 1456 rotae
812 1430 935 1465 quatuor
947 1425 1044 1454 radios
1058 1423 1189 1465 habenti)
1211 1421 1316 1462 ἀλύτῳ
1340 1423 1445 1461 (docte
1463 1431 1519 1462 pro
1535 1420 1656 1455 ἀλύτοις

211 1475 259 1504 vel
274 1475 398 1516 ἄλυτον)
425 1475 579 1513 ἔνζεύξασα
592 1475 703 1515 ἴϋγγα.
747 1476 799 1506 Sic
817 1476 899 1505 enim
914 1474 1083 1514 jungenda
1099 1479 1171 1504 sunt
1187 1473 1282 1503 verba
1295 1485 1305 1512 3
1320 1480 1369 1503 et:
1388 1472 1480 1515 ἔφερεν
1493 1471 1656 1510 Οὔλυμπό-

208 1071 302 1095 sunt:
322 1065 346 1099 ἒς
361 1066 457 1097 Φῐίο-ιν
470 1065 607 1099 ἰνῆλιιθον
621 1065 721 1106 Αἰήτᾳ
737 1066 807 1108 παρ’
824 1065 915 1105 αὐτῷ.
932 1065 1054 1104 reliqua
1066 1065 1097 1095 in
1109 1064 1212 1094 medio
1226 1064 1338 1105 posita.

1553 202 1640 240 229
1682 202 1687 205 ’

209 1523 260 1554 θεν
289 1525 464 1568 ἀνθρώποις.
510 1527 613 1566 Supra
638 1526 735 1566 Pyth.
768 1525 803 1557 ii.
831 1527 885 1556 74.
918 1525 1120 1567 τετράκωμος
1156 1523 1256 1563 δεσμὸς
1294 1524 1419 1555 Ixionis
1456 1525 1656 1554 occurrebat.

210 1577 283 1607 382.
306 1576 506 1615 Οὐλυμπόθεν
530 1583 629 1607 metro
646 1577 826 1618 postulante
843 1576 1034 1607 Schmidius.
1080 1576 1207 1618 Vulgo:
1231 1575 1433 1616 Ὀλυμπόθεν.
1478 1575 1582 1607 Pauw
1596 1574 1655 1605 mi-

212 1637 272 1657 nus
286 1627 368 1658 bene
386 1628 560 1659 rescribere
573 1628 685 1668 jubet:
712 1627 925 1670 φετρανινοίμονι
940 1625 1141 1667 Ὀλυμα-όθιν.

255 1778 333 1809 377.
359 1777 492 1809 Pronior
517 1778 548 1808 in
573 1777 633 1808 hoc
648 1787 728 1812 sum,
753 1781 789 1807 ut
802 1783 905 1808 κελαι-

214 1827 309 1860 ‚Sa-as
334 1826 473 1866 Κόλχους
496 1827 596 1858 dictos
614 1833 718 1868 putem
743 1825 839 1868 nigros
855 1827 907 1856 ad-

211 1882 318 1916 spectu.
347 1887 402 1906 seu
420 1876 524 1915 simpl.
551 1877 648 1917 nigros
667 1875 721 1918 (ut
746 1887 815 1916 sup.
831 1875 866 1906 P.
882 1876 906 1908 i.

213 1928 267 1961 13,
283 1929 333 1958 14.
347 1926 522 1956 κελαινῶπιν
535 1925 668 1966 νεφέλαν)
689 1931 832 1967 respectu
847 1925 909 1955 ori-

214 1977 298 2018 ginis
325 1987 364 2006 ex
397 1977 564 2017 AEgypto:
596 1977 662 2008 vid.
693 1976 847 2007 Herodot.
874 1975 908 2007 ii.

215 2028 288 2057 104.
311 2024 357 2055 ἵει-ι
378 2025 575 2067 μιλοίγχροίς
592 2025 643 2056 εἴτι
658 2024 710 2054 καὶ
725 2025 906 2066 οὗλότριχες.

214 2075 357 2116 Κόλχοισι
381 2074 448 2112 βίαν
469 2075 571 2115 μῖξαν,
594 2082 628 2106 ut
652 2076 768 2117 χεῖρας,
793 2086 905 2116 pugna-

215 2131 299 2157 runt.
349 2125 450 2155 Fuere
468 2136 595 2165 quoque
613 2124 694 2155 iuter
710 2124 906 2165 Argonauti-

217 2184 325 2204 carum
345 2184 447 2204 rerum
468 2174 652 2215 scriptores,
677 2174 730 2214 qui
748 2184 818 2203 cum
836 2173 908 2203 Col-

220 2223 288 2253 chis
306 2230 482 2264 pugnatum
504 2234 571 2253 esse
596 2223 749 2254 dicerent.
798 2223 910 2253 Nescio

217 2276 333 2306 tamen.
350 2282 389 2302 an
405 2273 590 2313 simpliciter
606 2272 640 2304 h.
656 2273 678 2304 l.
692 2272 909 2314 accipiendum

217 2320 258 2351 sit
276 2332 331 2362 pro
347 2322 531 2362 ἔμίχθνιεοιν,
553 2320 752 2364 παρεγίνοντο.
771 2332 826 2362 pro
844 2321 910 2352 ἕαυ-

217 2369 296 2411 τοὺς,
313 2371 420 2402 ἑαυτῶν
433 2371 514 2408 βίαν.
532 2379 566 2402 ut
579 2371 636 2409 βία
650 2371 842 2414 Ἡρακλέους.

261 2423 444 2454 380-395.
469 2422 500 2452 Si
515 2422 634 2463 vulgari
649 2423 789 2453 oratione
802 2422 912 2458 utaris,

222 2471 378 2502 sententia
395 2471 460 2502 haec
475 2476 542 2503 est:
568 2477 629 2502 tum
648 2474 776 2512 primum
800 2473 911 2502 adhibi-

218 2525 278 2550 tum
292 2528 331 2552 est
342 2521 482 2562 philcrum
493 2533 512 2551 a
529 2520 640 2552 Venere
654 2522 692 2551 ad
708 2521 843 2553 Medeam
857 2521 911 2552 Ja-

218 2571 289 2600 som's
310 2581 406 2602 amore
427 2571 626 2602 irretiendam.
672 2571 755 2610 Iynx
781 2570 913 2612 torquilla

220 2617 310 2651 Lina.
334 2631 402 2650 esse
425 2620 564 2651 creditur
587 2620 758 2651 secuudum
781 2620 913 2652 Aristot.

221 2666 302 2700 Hist.
319 2668 361 2699 Α.
373 2669 406 2700 ii.
420 2671 471 2701 12.
489 2669 575 2701 Plin.
595 2670 638 2700 xi.
654 2673 709 2700 48.
726 2681 751 2699 S.
769 2673 843 2701 10¹7.
857 2679 911 2699 va-

223 2716 277 2746 riis
303 2719 481 2750 nominibus
512 2719 619 2760 vulgo,
646 2725 730 2749 recte
754 2729 793 2749 an
820 2718 912 2753 falso,

220 2764 388 2805 impertita,
403 2767 540 2808 flutilla,
564 2768 714 2810 verticillu,
742 2768 907 2804 ιηοεασὶἰίας

962 1778 1138 1808 mobilitate
1150 1788 1206 1809 sua
1222 1777 1411 1808 adumbrare
1428 1776 1547 1808 credita
1563 1781 1658 1808 aestu-

963 1827 1043 1857 antis
1059 1828 1173 1858 amoris
1189 1828 1414 1868 agitationem3
1433 1838 1502 1867 quae
1517 1833 1550 1857 ut
1561 1826 1656 1858 etiam

964 1883 1146 1917 augeretur,
1163 1877 1281 1918 illigata
1292 1878 1357 1908 avis
1374 1882 1447 1907 rotae
1458 1876 1657 1916 circumage-

964 1926 1070 1958 batur.
1115 1927 1171 1957 Est
1188 1927 1226 1956 de
1243 1937 1280 1956 ea
1295 1936 1352 1956 ave
1373 1926 1460 1956 locus
1484 1925 1658 1965 praeclarus

965 1977 995 2007 in
1020 1976 1129 2008 Schol.
1155 1976 1193 2006 ad
1218 1977 1249 2007 h.
1263 1976 1283 2008 1.
1300 1975 1416 2016 quibus
1433 1974 1506 2006 add.
1522 1974 1660 2010 Theocr.
1720 1975 1729 1981 “

963 2026 995 2057 ii.
1012 2027 1064 2057 17.
1080 2037 1107 2058 c.
1126 2026 1232 2058 Schol.
1257 2032 1289 2056 et
1313 2026 1422 2066 Intpp.
1446 2025 1485 2054 ad
1510 2024 1657 2068 Xenoph.

962 2075 1099 2106 Memor.
1122 2075 1208 2105 Socr.
1231 2075 1275 2106 iii.
1294 2078 1347 2106 11.
1363 2077 1415 2105 17.
1439 2072 1601 2113 Verheyk.
1618 2073 1659 2103 ad

961 2124 1080 2154 Anton.
1109 2124 1178 2155 Lib.
1211 2135 1242 2165 p.
1265 2125 1318 2155 62.
1344 2133 1393 2162 sq.
1427 2122 1594 2164 [Battigpr
1617 2121 1657 2152 N.

964 2173 1097 2205 Tentsch.
1110 2172 1234 2205 Mercur
1244 2184 1284 2203 m.
1299 2173 1378 2204 Mai.
1395 2174 1490 2203 1810.
1515 2170 1560 2202 Ex
1572 2171 1660 2202 Sche-

965 2223 1032 2261 dim]
1049 2221 1170 2261 ’'1377oe
1185 2223 1288 2264 simpl.
1309 2232 1363 2263 pro
1379 2222 1563 2252 delinimento
1580 2220 1657 2262 (vid.

965 2272 1099 2304 Salmas,
1122 2273 1161 2303 ad
1178 2273 1280 2304 Solin.
1300 2282 1333 2312 p.
1351 2273 1425 2302 662.
1443 2271 1505 2311 a.),
1527 2275 1582 2299 aut
1606 2280 1661 2309 po-

966 2322 1027 2353 tius
1050 2333 1107 2363 pro
1131 2323 1292 2362 cupiditate
1315 2321 1395 2352 dixit
1419 2319 1578 2350 Pindarus
1601 2319 1660 2351 inf.

969 2371 1056 2403 Nem.
1072 2372 1113 2403 iv,
1131 2373 1182 2403 56.
1199 2372 1253 2402 ubi
1268 2371 1417 2402 Scholion
1433 2369 1516 2400 aliud
1533 2369 1659 2399 doctum

967 2421 998 2451 in
1015 2431 1104 2451 avem
1123 2426 1275 2450 mutatam
1294 2424 1400 2449 narrat
1425 2418 1574 2459 Iyngem,
1598 2417 1660 2448 fili-

966 2478 1014 2499 am
1043 2469 1150 2499 Echus
1175 2470 1224 2500 vel
1250 2469 1360 2499 Pitbus
1384 2478 1409 2498 s.
1438 2466 1565 2501 Suadae,
1589 2477 1658 2507 quae

966 2518 1076 2548 Jovem
1123 2518 1163 2548 ad
1199 2518 1258 2550 Jus
1297 2527 1434 2546 amorem
1476 2515 1659 2556 pellexerat.

966 2567 1156 2598 Phantasma
1196 2566 1351 2607 poeticum
1391 2565 1476 2595 haud
1514 2564 1660 2597 insuave.

968 2618 1091 2659 [Venus
1102 2623 1167 2645 tum
1184 2615 1317 2655 primum
1329 2614 1468 2654 Olympo
1481 2613 1664 2644 bominibus

967 2667 1086 2706 attulit,
1109 2666 1192 2695 inter
1207 2675 1259 2694 eos
1278 2663 1421 2704 vulgavit
1436 2673 1525 2693 usum
1543 2663 1661 2704 iyngis,

968 2717 1101 2757 illigatae
1119 2720 1205 2750 rotae,
1221 2713 1410 2753 edocuitque
1427 2712 1575 2744 Jasonem
1591 2723 1661 2743 car-

967 2775 1048 2797 men.
1074 2763 1119 2794 E:
1133 2761 1274 2803 schedis]
