1877 3137
792 579 1184 626 ΙΣΘΜΙΑ.

894 768 1039 799 ΕΙΔΟΣ
1067 764 1101 798 ε’.

513 941 974 1004 ΦΎΛΑΚΙΔΑ
1033 941 1500 1015 ΑΙΓΙΝΗΤΗ,

771 1152 1205 1192 ΠΑΓΚΡΑΤΙῼ.

760 1514 1220 1558 ARGUMENTUM.

275 1652 460 1693 Gmmffi
490 1657 531 1693 et
561 1653 684 1695 tamae
701 1653 869 1694 1llustr1s
900 1668 1056 1706 caussa,
1090 1668 1213 1710 quam
1247 1667 1318 1709 per
1333 1653 1486 1696 Thiam
1507 1655 1712 1711 designat,

274 1709 459 1750 homines
480 1723 630 1764 magna
649 1710 804 1766 quaevis
825 1711 1070 1766 suscipiunt,
1101 1712 1224 1753 etiam
1257 1712 1300 1753 in
1334 1712 1638 1754 certaminibus.
1658 1739 1712 1745 —

274 1772 342 1807 20.
373 1767 537 1808 Transit
558 1768 608 1809 ad
627 1768 847 1820 victorem3
881 1769 1057 1810 exem-rit
1088 1769 1182 1810 inde
1212 1769 1254 1810 in
1287 1768 1456 1812 heroum
1489 1770 1710 1824 AEgineta-

273 1838 364 1865 rum
387 1826 835 1877 commemorationem,
857 1851 914 1856 —
936 1831 1003 1868 59.
1034 1833 1074 1867 et
1104 1826 1253 1867 desinit
1285 1827 1327 1869 in
1357 1841 1516 1883 pugna.
1530 1827 1709 1868 Salami-

276 1880 343 1921 nia
362 1908 419 1913 -—
440 1884 511 1931 67.
541 1881 771 1938 subjunctis
791 1883 1000 1925 nonnullis
1021 1884 1071 1925 de
1092 1883 1258 1925 victore.

867 2022 918 2065 Σ.
948 2021 986 2066 ά.
1045 2025 1100 2063 Κ.
1129 2023 1164 2072 ἦ.

496 2137 753 2199 MATEP
776 2148 944 2201 Ἀλῖου
971 2150 1237 2220 πολυώνυμε,
1265 2149 1394 2210 Θεία,

498 2230 583 2284 Σὲο
611 2234 653 2298 ’γ’
684 2232 810 2286 ἕκατι
839 2235 918 2286 καὶ
943 2239 1214 2305 μεγασθενῆ
1241 2235 1421 2306 νόμισαν

315 2401 515 2441 Phylacides,
530 2401 696 2443 Lamponis
712 2402 738 2434 s.
756 2407 830 2432 natu
847 2403 994 2434 minimus
1011 2404 1067 2446 (vi.
1082 2404 1142 2444 9.),
1162 2404 1305 2435 Cleonici
1322 2413 1418 2445 nepos
1449 2402 1497 2445 (v,
1521 2400 1710 2443 71.),adeo-

274 2463 335 2493 que
351 2453 478 2493 Pytheae
495 2454 600 2488 frater,
616 2453 678 2493 cui,
690 2463 760 2484 cum
779 2453 888 2494 etipse
908 2455 1030 2485 Nemeis
1047 2457 1208 2496 pancratio
1224 2455 1361 2494 vicisset,
1375 2455 1497 2485 Nemea
1512 2466 1545 2485 v.
1581 2452 1714 2493 inscrip-

274 2509 306 2534 ta
321 2512 380 2538 est.
423 2504 486 2535 Sed
502 2511 534 2535 et
549 2504 737 2544 Phylacides
754 2504 877 2534 Nemeis
894 2506 1056 2547 pancratio
1073 2507 1201 2544 vicerat,
1217 2507 1272 2538 inf.
1290 2517 1318 2537 v.
1347 2509 1399 2538 22.
1429 2505 1510 2535 idem
1534 2504 1582 2533 bis
1609 2503 1711 2534 victor

272 2555 378 2586 fuerat
393 2556 554 2596 pancratio
570 2555 706 2586 Isthmiis
722 2567 751 2589 v.
765 2558 817 2588 21.
835 2562 870 2586 ut
884 2556 962 2587 adeo
981 2557 1031 2588 hic
1047 2557 1183 2597 hymnus
1200 2559 1230 2588 in
1250 2557 1417 2589 secundam
1443 2555 1603 2586 victoriam
1625 2553 1714 2585 Isth-

318 2705 353 2735 Q,
381 2704 500 2744 Propter
521 2711 557 2740 te,
571 2716 586 2735 o
602 2703 686 2744 Thia,
710 2705 832 2744 homine,
860 2715 965 2734 ‹zu-rum
1017 2704 1139 2735 multum
1151 2705 1305 2745 praevalere
1316 2703 1362 2745 (h.
1382 2713 1409 2735 e.
1424 2708 1553 2744 propter
1565 2702 1712 2745 splendo-

267 2753 425 2795 prqferunt
446 2756 508 2786 aliis
521 2755 602 2787 rebus
618 2753 785 2797 (νομίζουσι,
811 2760 924 2787 censent
938 2759 965 2785 te
1021 2764 1083 2784 rem
1114 2753 1181 2784 sive
1210 2753 1290 2791 auri,
1313 2758 1460 2794 tanquam
1488 2751 1620 2794 metalli,
1641 2761 1710 2793 seu,
