1877 3137
797 195 1092 239 PYTHIA.

790 400 841 443 Σ.
871 398 912 440 ἆ.
971 403 1026 440 Κ.
1058 399 1114 441 ιδ’.

379 479 734 569 ΣΑΜΕΡΟΝ
752 494 833 565 μὲν
860 497 949 567 χξῆ
978 519 1026 548 σε
1053 497 1154 567 παῖ
1184 497 1302 568 ἀνδξῖ
1326 498 1441 566 φίλῳ

377 588 575 655 §votitam
604 584 784 638 εὐΐππου
811 587 1020 650 βασιλῆἷ
1040 589 1193 659 Kvgo'c-

449 695 534 730 νας,
556 667 672 740 δ’φξα
699 669 953 738 κωμάζοντι
975 667 1049 720 σὺν
1075 669 1344 740 Ἀξκεο-ἷλα,

379 758 552 812 Μοῖσα,
580 751 878 803 Λατοίδαισιν
905 751 1182 821 ὀφειλόμενον

305 855 329 887 5
378 835 573 888 Πυθῶνί
596 836 632 886 τ’
663 832 800 906 αὔξῃς
828 832 943 905 οῧξον
971 833 1121 904 ὕμνων.

366 916 526 970 ’Ἔνθα
546 916 650 970 ποτὲ
672 916 864 989 xpo-{cuv

374 999 478 1060 Διδς
506 1002 679 1072 ὂξνῖχων
706 1001 932 1072 πάρεδρος,

374 1085 479 1138 Οὐκ
507 1084 751 1154 ἀποδάμου
775 1084 951 1136 Ἀπόλ-

265 1285 460 1328 Ἀμεσιλάῳ.
483 1286 541 1316 Est
558 1286 737 1316 Arcesilaus
751 1287 797 1317 iv.
812 1287 896 1316 inter
909 1297 1001 1327 reges
1014 1291 1163 1316 octavus:
1188 1286 1219 1316 in
1236 1284 1397 1315 Arcesilan
1414 1293 1446 1314 v.
1458 1292 1589 1323 regnum
1608 1282 1662 1313 de-

223 1338 277 1369 siit
288 1337 485 1369 01.87.‘1.v.
497 1337 537 1366 ad
550 1337 646 1368 Diod.
659 1342 701 1368 to.
711 1338 743 1370 ii.
755 1339 954 1379 p.550.1.—
992 1340 1024 1368 4.
1047 1338 1129 1367 Ante
1146 1337 1361 1368 Schmidium:
1380 1333 1564 1371 ΛαἹοΐδαιο-ιν,
1578 1334 1662 1374 quod

223 1396 255 1420 et
268 1389 370 1430 ipsum
387 1388 462 1418 ferri
477 1398 569 1429 posse
585 1389 630 1418 ait
644 1388 756 1420 Pauw.
776 1389 857 1418 idem
868 1387 1052 1428 ὅφειλομένων
1063 1388 1151 1418 malit
1161 1388 1201 1418 ad
1216 1387 1318 1425 ὕμνων.
1336 1387 1484 1427 equidem
1499 1385 1663 1426 vulgatum

222 1441 388 1483 praeferam
405 1445 441 1470 ut
456 1440 654 1481 exquisitius.
697 1440 825 1479 Pompae
840 1440 967 1470 victoris
990 1446 1021 1470 et
1035 1440 1185 1480 incessui,
1201 1446 1266 1470 tum
1284 1445 1314 1469 et
1330 1440 1426 1469 choro
1449 1448 1519 1468 curn
1535 1437 1664 1477 hymno.

219 1491 273 1533 qui
290 1491 424 1526 canitur,
437 1490 587 1521 tribuitur
602 1501 620 1520 a
636 1491 737 1530 lyrico
753 1490 858 1530 πλοῦς,
874 1490 992 1531 ετὸλος,
1016 1498 1047 1521 et
1075 1492 1200 1521 tandem
1219 1490 1308 1533 οὖρος.
1353 1490 1397 1530 Is,
1414 1489 1466 1529 qui
1484 1498 1606 1530 pompae
1631 1491 1663 1518 et

222 1543 318 1572 choro
350 1542 493 1578 interest,
524 1549 650 1572 cantum
675 1542 806 1582 adjuvat
832 1550 981 1583 tanquam
1009 1554 1137 1573 cursum
1164 1543 1266 1579 navis,
1301 1542 1445 1579 adeoque
1473 1540 1548 1577 ἀέξει
1576 1538 1663 1580 οὖρον.

220 1595 254 1624 ¹7.
271 1592 380 1626 aim-{3⁹
393 1604 432 1623 ex
450 1593 524 1625 Ald.
540 1594 719 1624 Schmidins
737 1595 906 1625 intulerat:
932 1600 968 1624 ut
982 1605 1077 1636 supra
1095 1605 1220 1635 quoque
1230 1594 1324 1634 Pyth.
1342 1593 1375 1624 ii.
1390 1594 1443 1623 91.
1458 1592 1588 1632 fecerat,
1604 1601 1662 1633 pro

221 1643 334 1681 αἰετῶν,
349 1654 420 1675 cum
436 1644 534 1685 longa
549 1645 671 1685 syllaba
684 1647 876 1685 requiratur.
922 1647 978 1677 Ait
1003 1655 1106 1677 tamen
1131 1647 1223 1677 etiam
1242 1646 1408 1684 Meti-iem,
1425 1645 1591 1675 dimetrum
1610 1644 1663 1674 Io-

219 1695 325 1726 nicum
342 1706 410 1726 esse
426 1706 443 1725 a
458 1696 577 1727 minore
593 1697 804 1736 ἀνακλώμενον·
822 1698 906 1738 quod
923 1699 963 1728 ad
980 1699 1136 1738 syllabam
1159 1703 1337 1738 correptam
1359 1701 1493 1738 spectat.
1540 1695 1660 1726 Similis

222 1757 332 1777 versus
348 1747 431 1777 infra
460 1751 515 1778 48.
543 1748 585 1779 cf.
612 1749 719 1780 Pauw.
734 1749 841 1789 itaque
865 1750 983 1780 bonum
1008 1756 1090 1781 esset
1121 1749 1233 1781 αἰετῶν.
1278 1748 1490 1789 Mingarellus
1520 1746 1663 1777 tentabat

222 1798 313 1828 ἀετᾶο
329 1797 413 1832 Ζηνδς
429 1796 579 1842 πάρεδρος.
613 1801 655 1830 At
673 1811 784 1831 novum
801 1807 832 1831 et
851 1801 1009 1832 insolens:
1034 1802 1111 1832 Jovis
1133 1801 1238 1842 aquila,
1253 1799 1319 1834 Διδς
1334 1800 1431 1834 ἁπτός.
1474 1800 1662 1840 Requiritut

223 1849 288 1882 Διόε
305 1848 382 1891 ὅρνις.
427 1850 538 1881 Oritur
553 1851 598 1883 sie
614 1851 763 1892 suspicio,
786 1852 945 1893 glossema
960 1853 1064 1883 locum
1083 1863 1163 1882 verae
1178 1852 1266 1882 vocis
1283 1862 1469 1893 occupasse,
1518 1852 1559 1881 Et
1572 1851 1661 1881 vide-

222 1905 275 1929 tur
290 1899 387 1930 fuisse
402 1900 533 1943 ὖξνίχων.
579 1902 766 1934 Inciderunt
781 1903 813 1933 in
829 1903 889 1933 hoc
915 1903 981 1943 jam
1008 1903 1193 1945 Mingarell.
1211 1909 1243 1933 et
1259 1903 1372 1933 Dawes
1391 1913 1467 1944 pag.
1483 1902 1532 1933 55.
1551 1913 1588 1932 ex
1605 1902 1661 1935 Ol.

223 1951 258 1983 ii.
275 1953 347 1984 159.
394 1954 479 1984 Addi
497 1960 601 1995 potest
616 1954 782 1988 Isthn1.vi.
800 1959 854 1987 77.
869 1955 943 1986 add.
961 1956 1094 1987 Valken.
1115 1955 1160 1984 ad>
1181 1954 1318 1986 Theocr.
1344 1964 1419 1995 pag.
1444 1956 1518 1986 402.
1535 1959 1567 1984 et
1582 1953 1661 1984 Bur-

224 2013 297 2044 gess
314 2014 387 2045 pag.
404 2005 482 2037 359.

270 2191 300 2219 1.
336 2186 466 2230 Σάμερον
500 2188 551 2228 μὲν
589 2189 680 2220 Musa
716 2191 914 2233 παραστῆναι,

225 2237 332 2277 adesse,
346 2237 452 2274 debet,
467 2245 501 2268 ut
525 2239 607 2269 adsit
630 2240 689 2279 ipsi
707 2251 828 2282 pompae
853 2242 915 2272 vic-

226 2288 314 2326 toris,
329 2288 362 2318 in
385 2297 449 2327 qua
463 2288 599 2327 hymnus
614 2289 750 2320 canitur.
796 2291 914 2321 Similis

229 2338 317 2367 locus
335 2337 387 2368 Ol.
403 2338 446 2368 vi.
461 2340 515 2369 46.
532 2349 582 2378 sq.
670 2338 673 2339 ⁷

269 2389 303 2418 5.
348 2386 436 2430 αὔξῃς
468 2387 543 2431 οὖρον
573 2387 675 2429 ὕμνων,
713 2391 841 2429 adjuves,
871 2400 913 2421 se-

225 2437 342 2476 cundes,
356 2445 488 2480 cantum.

269 2486 359 2517 6-15.
381 2486 455 2518 ’s‘usoe
467 2488 513 2528 (ἓν
527 2487 547 2530 ᾖ
562 2487 700 2528 Πνθίιῖη)
714 2487 785 2518 «τοτὲ
799 2488 815 2521 ἧ
831 2488 916 2531 ἱέρεια

224 2534 358 2577 ἔχρησεν,
379 2536 582 2571 οὖς-κτίσειεν
602 2538 664 2580 (sc.
690 2538 917 2576 Βάττος)-καὶ

225 2584 439 2624 ἅνακομῖσαιτο
467 2587 500 2617 τό
534 2586 657 2622 Μηδείας
686 2588 755 2622 ’ἔπος
784 2586 818 2618 trox
853 2587 917 2629 περὶ

229 2634 341 2670 efflue,
355 2638 526 2668 vaticinium
540 2639 572 2668 in
586 2639 749 2669 memoriam
759 2644 916 2677 revocaret,

226 2690 262 2714 ut
278 2685 335 2716 inf.
352 2687 402 2717 96.
418 2687 536 2729 quippe
564 2688 647 2728 quod
671 2698 754 2719 nunc
769 2693 915 2718 eventum

228 2733 452 2767 habebat.—7.
487 2736 562 2767 Duae
597 2737 657 2768 illae
685 2749 780 2769 aareae
807 2737 918 2779 aquila,

222 2782 318 2821 juxta
339 2784 494 2825 tripodem
529 2786 721 2828 Delphicum
745 2787 918 2828 collocatae,

971 2190 1118 2220 videntur
1132 2189 1235 2219 locum
1251 2188 1376 2219 dedisse
1393 2193 1472 2218 notae
1488 2186 1606 2217 fabulae
1623 2186 1662 2217 de

969 2240 1052 2270 binis
1069 2239 1185 2279 aquilis
1200 2248 1219 2268 a
1233 2239 1313 2268 Jove
1330 2238 1434 2268 volare
1446 2237 1546 2277 jussis
1561 2237 1662 2278 (apud

971 2289 1081 2320 Schol.
1101 2295 1132 2319 et
1148 2289 1253 2319 Strab.
1268 2289 1315 2320 ix.
1333 2299 1364 2329 p.
1383 2290 1457 2319 643.
1473 2289 1513 2318 A.
1528 2288 1611 2318 uude
1627 2288 1661 2318 in

971 2341 1096 2380 Fragm.
1113 2338 1204 2368 Piud.
1225 2349 1257 2378 p.
1270 2337 1350 2379 40.),
1366 2344 1400 2367 ut
1413 2339 1452 2368 de
1469 2338 1572 2367 medio
1586 2348 1661 2368 con-

970 2389 1098 2420 tinentis
1122 2394 1292 2419 constaret.
1335 2388 1374 2418 In
1402 2388 1510 2418 eodem
1542 2388 1659 2428 templo

969 2438 1126 2469 Pindarus
1159 2436 1324 2470 Κηληδὸνοις
1360 2447 1471 2468 aureas
1510 2443 1659 2467 canentes

972 2488 1108 2517 finxerat
1131 2488 1163 2517 in
1190 2488 1368 2528 fragmento
1398 2487 1544 2517 Paeanum
1573 2489 1660 2528 apud

971 2537 1105 2567 Pausan.
1142 2548 1172 2569 v,
1210 2536 1361 2568 Schneid.
1390 2537 1515 2577 Fragm.
1544 2548 1576 2577 p.
1603 2540 1658 2569 38.

970 2587 1021 2617 Ad
1036 2597 1124 2626 seqq.
1141 2586 1178 2615 de
1193 2585 1279 2616 Batto
1295 2586 1449 2626 legendus
1475 2586 1592 2618 Herod.
1611 2587 1656 2619 iv.

972 2638 1128 2668 155.—8.
1147 2636 1198 2666 οὒκ
1221 2634 1375 2674 ἀποδάμου
1396 2636 1583 2670 Ἀπόλλωνος
1607 2649 1659 2667 τυ-

971 2686 1089 2728 χὸντος,
1099 2686 1184 2726 quia,
1196 2686 1320 2725 quoties
1332 2686 1449 2725 Pythia
1461 2687 1660 2724 vaticinatur,

973 2737 1050 2769 deus
1065 2735 1206 2777 ἐπιδημεῖ,
1220 2746 1340 2776 praesens
1355 2742 1407 2767 est.
