1877 3137
680 586 1040 637 NEMEA.

753 762 900 793 ΕΙΔΟΣ
926 757 969 795 ς’·

376 919 844 984 ΑΛΚΙΜΙΔῌ
906 918 1372 989 ΑΙΓΙΝΗΤῌ,
1414 898 1419 905 ’

594 1120 773 1169 ΠΑΙΔΙ,
806 1119 979 1158 ΠΑΛΑῙ
986 1119 1116 1158 ΣΤΗ.

646 1444 1104 1487 ARGUMENTUM.

152 1567 423 1607 Amanum
443 1566 641 1607 victorem
686 1567 720 1606 ἐν
739 1567 845 1606 παισὶ
869 1565 1088 1607 declarasse
1108 1566 1189 1608 vim
1214 1566 1407 1608 divinitus
1428 1568 1590 1623 ingeni-

158 1629 260 1676 tam,
281 1622 449 1664 victoria
469 1621 636 1676 insigni,
657 1636 780 1677 quam
802 1624 913 1664 lucta
929 1637 1028 1677 puer
1047 1623 1214 1665 abstulit
1228 1639 1241 1674 3
1263 1629 1391 1665 —15.
1423 1627 1594 1667 aemula-

162 1685 251 1721 tum
273 1694 395 1721 avum
420 1679 805 1731 Praxidamantem3
828 1705 886 1711 —
901 1685 967 1721 29.
992 1694 1088 1721 nam
1109 1686 1250 1722 atavus
1271 1681 1411 1722 Socles
1433 1695 1456 1721 a
1475 1696 1594 1736 gym-

162 1737 320 1778 nastica
351 1743 590 1788 cessaverat,
622 1737 685 1779 uti
706 1737 856 1778 iterum
879 1736 1209 1779 Praxidamantis
1231 1738 1354 1789 filius,
1376 1739 1594 1781 Alcimidae

162 1801 303 1849 patei-3
345 1794 402 1835 ita
431 1800 479 1835 ut
508 1794 673 1835 alternis
704 1808 755 1834 ex
776 1808 823 1834 ea
842 1800 965 1848 gente
986 1799 1204 1849 proventus
1223 1795 1479 1836 victoriarum
1501 1809 1597 1850 pro·

163 1851 317 1892 diisset.
337 1876 395 1881 -
416 1856 485 1891 52.
518 1850 784 1893 celebrantur
803 1851 982 1893 victoriae
1004 1851 1215 1892 tribulium
1246 1852 1521 1893 Bassidarum.
1542 1877 1600 1884 -—

162 1909 234 1955 74.
265 1907 459 1948 Materies
488 1907 657 1949 laudum
690 1922 740 1949 ex
771 1908 939 1949 heroum
976 1908 1263 1962 AEginetarum
1304 1909 1511 1950 factis.—
1529 1914 1626 1950 92<

164 1964 288 2006 Redit
313 1963 363 2005 ad
383 1965 595 2016 victorem,
613 1971 654 2005 et
672 1971 870 2006 memorat
887 1965 1009 2007 fuisse
1026 1964 1213 2020 quintam
1227 1980 1349 2021 supra
1360 1965 1599 2008 vicesimam

165 2021 390 2072 victoriam,
422 2035 544 2075 quam
584 2036 671 2063 suae
707 2023 822 2077 genti
853 2021 1000 2078 adjecit
1027 2021 1265 2065 Alcimidas.
1317 2023 1368 2064 In
1397 2023 1479 2064 fine
1505 2027 1596 2066 108.

165 2078 321 2120 mentio
338 2077 563 2120 honorifica
583 2079 722 2134 aliptae
745 2079 948 2121 Melesiae.

734 2221 787 2263 Σ.
817 2219 856 2261 ά.
916 2222 970 2261 Κ.
1002 2219 1067 2275 ιγ’.

395 2325 506 2385 ΕΝ
532 2330 698 2400 ἀνδρῶν,
723 2328 764 2382 ἓν
791 2334 900 2384 θεῶν
929 2330 1062 2398 γένος·
1109 2332 1157 2383 ἐκ

394 2425 525 2481 Μιοῖς
554 2421 597 2474 δὲ
625 2420 801 2492 πνέομεν

212 2583 242 2621 1,
260 2586 290 2614 2.
312 2582 429 2613 Versus
453 2583 566 2624 passim
594 2583 714 2614 laudati
740 2594 759 2614 a
790 2582 960 2614 veteribus.
984 2581 1104 2622 [Schol.
1129 2580 1167 2610 ad
1187 2579 1331 2621 Euripid.
1349 2579 1435 2612 Med.
1453 2581 1545 2614 1224.
1567 2581 1612 2612 Ex

170 2630 316 2672 scham]

213 2755 286 2786 Fuit
308 2758 461 2790 Alcimidas
478 2759 561 2791 filius
574 2759 773 2799 neonis.qui
795 2769 813 2790 a
828 2769 860 2789 re
916 2758 1068 2790 athletica
1098 2758 1321 2799 abstinuerat3
1357 2763 1387 2791 at
1421 2757 1490 2798 ejus
1523 2763 1609 2799 pater
