1877 3137
258 248 298 287 iv
774 240 1182 282 PRAEFATIO.

261 383 443 431 parare.
516 365 648 412 Huic
697 379 809 409 vero
847 362 1047 407 consilio
1085 362 1426 424 consequendo
1467 362 1694 409 videbam

261 443 400 496 vires,
457 445 688 500 tempora,
728 443 919 482 aetatem
959 442 1006 480 et
1057 437 1225 492 otium,
1271 437 1436 492 verbo,
1487 436 1696 482 deficere

262 515 446 569 omnia,
471 512 680 559 necdum
727 525 784 556 eo
824 524 926 555 rem
974 508 1231 556 adductam
1274 526 1388 566 esse,
1435 517 1489 556 ut
1527 510 1696 556 critica

260 590 465 636 feliciter
482 589 596 635 satis
619 603 672 632 ac
709 590 811 631 tuto
836 585 1047 630 exerceri
1082 586 1257 647 possit;
1292 584 1607 648 expendenda
1640 600 1696 630 ac

261 661 576 726 praeparanda
608 674 855 722 superesse
879 659 1049 721 plura;
1086 660 1284 705 omnino
1308 675 1405 704 non
1422 659 1513 705 nisi
1531 658 1698 703 metris

261 741 479 782 accurate
514 733 782 779 constitutis
811 730 871 777 de
902 737 1000 777 toto
1027 730 1238 778 Pindaro
1263 731 1595 778 constituendo
1620 746 1699 776 co-

260 809 401 870 gitari
427 823 581 870 posse.
654 805 801 857 Quod
819 806 982 866 itaque
1023 805 1186 850 animo
1225 806 1349 851 bene
1391 805 1696 866 designatum

261 881 516 935 habebam,
543 880 755 925 numeris
775 879 874 925 suis
897 879 1187 934 absolutum,
1211 878 1350 925 facile
1373 878 1590 924 intellexi
1625 893 1698 923 re-

260 954 584 1017 linquendum
614 969 714 999 esse
755 954 860 999 aliis
882 952 1206 1007 felicioribus;
1243 952 1364 998 mihi
1399 958 1558 998 autem
1582 951 1697 996 arri-

260 1029 496 1093 piendum
520 1044 619 1075 esse
656 1029 929 1083 consilium,
956 1029 1033 1074 cui
1059 1027 1370 1091 exsequendo
1394 1044 1480 1090 par
1504 1041 1655 1073 essem
1681 1046 1692 1080 ;

260 1103 347 1148 etsi
374 1101 502 1147 haud
537 1101 825 1157 nesciebam,
865 1102 1042 1163 quibus
1063 1101 1384 1147 incommodis
1424 1100 1546 1146 illud
1586 1115 1695 1162 pre-

257 1182 496 1229 meretur3
534 1174 840 1221 retinendam
864 1176 996 1221 enim
1017 1175 1140 1220 mihi
1167 1191 1268 1221 esse
1302 1175 1550 1236 antiquam
1585 1188 1698 1235 ope-

260 1250 324 1295 ris
360 1248 581 1303 formam,
606 1249 917 1294 retinendum
940 1263 1041 1294 esse
1064 1250 1208 1295 variae
1244 1249 1464 1295 lectionis
1503 1262 1698 1310 appara-

258 1329 376 1377 tum,
427 1322 622 1384 qualem
661 1323 822 1384 priore
858 1337 1003 1384 opera
1034 1323 1361 1377 institueram,
1399 1323 1464 1368 ita
1486 1328 1540 1367 ut
1566 1321 1700 1383 prior

259 1396 405 1442 editio
440 1395 618 1441 fundus
642 1411 781 1441 novae
800 1402 935 1450 esset,
971 1397 1064 1450 cui,
1093 1402 1328 1457 quantum
1351 1396 1533 1450 liceret,
1574 1409 1702 1439 nova

259 1477 308 1516 et
330 1470 531 1516 meliora
553 1476 946 1532 superstruerem.
1022 1468 1126 1515 Nec
1147 1476 1311 1515 tamen
1335 1470 1411 1515 vel
1435 1470 1504 1514 sic
1521 1483 1600 1514 me
1627 1468 1699 1513 ni-

259 1544 328 1590 hil
353 1550 570 1590 acturum
590 1559 690 1589 esse
714 1544 894 1606 putavi,
913 1544 952 1589 si
970 1544 1019 1589 in
1042 1543 1359 1596 retractanda,
1381 1540 1697 1595 emendanda,

259 1624 305 1663 et
330 1617 668 1679 locupletanda
701 1616 917 1662 editione
935 1617 1095 1678 priore
1117 1631 1196 1661 me
1216 1617 1516 1661 continerem
1537 1634 1547 1668 ;
1586 1629 1700 1676 quae

258 1692 402 1737 bonae
440 1691 592 1751 frugis
625 1691 674 1735 in
712 1689 1066 1734 Additamentis
1101 1688 1410 1742 haberentur,
1447 1689 1545 1733 suis
1579 1679 1712 1733 locis

261 1764 521 1810 insererem
542 1771 589 1809 et
606 1763 744 1810 novis
768 1763 922 1825 copiis
947 1778 1192 1823 augerem.

213 1895 216 1897 Ι
328 1836 453 1887 Quae
477 1852 589 1882 cum
617 1836 729 1883 satis
760 1837 1018 1882 constituta
1039 1836 1202 1881 animo
1237 1836 1494 1883 haberem:
1531 1848 1705 1881 curan-

263 1909 382 1955 dum
402 1925 501 1955 esse
525 1910 643 1966 vidi,
663 1916 715 1955 ut
739 1916 895 1955 cetera
917 1910 1123 1956 consilio
1146 1915 1484 1971 congruerent.
1534 1909 1703 1959 Quan-

261 1983 530 2044 doquidem
554 1984 814 2030 lectionem
846 1983 1152 2029 Pindaricam
1175 2000 1204 2029 a
1225 1983 1382 2045 capite
1411 1983 1472 2029 ad
1498 1983 1699 2039 calcem,

260 2057 372 2101 satis
404 2057 643 2103 subtiliter
679 2057 985 2104 emendatam
1012 2057 1268 2104 redhibere
1313 2073 1411 2104 non
1450 2064 1699 2119 poteram:

261 2131 398 2177 nolui
419 2147 507 2179 1166
523 2141 707 2180 mutare
729 2133 916 2196 aliquid
935 2135 986 2180 in
1003 2135 1122 2180 locis
1141 2135 1349 2195 singulis
1367 2129 1377 2189 ζ
1399 2134 1490 2180 nisi
1510 2136 1702 2196 quoties

262 2213 514 2260 manifesta
528 2209 641 2253 vitia
654 2214 786 2253 erant
795 2208 1007 2254 tollenda
1016 2228 1028 2264 ;
1041 2223 1285 2271 apponere
1295 2208 1442 2254 malui
1454 2207 1701 2267 judicium

264 2305 318 2335 ac
340 2298 592 2333 censuram
608 2281 658 2327 in
678 2280 786 2326 Var.
812 2281 941 2327 Lect.
968 2289 1016 2328 et
1032 2283 1082 2328 in
1098 2281 1237 2328 Notis
1257 2302 1267 2337 ;
1292 2297 1381 2327 1166
1404 2296 1493 2343 pro
1503 2281 1702 2327 arbitrio

261 2359 573 2425 pronuntiare
599 2356 876 2417 (molestum
898 2357 1028 2402 enim
1053 2372 1154 2402 esse
1173 2356 1360 2418 putavi)
1383 2370 1444 2400 ne
1466 2361 1568 2400 tum
1597 2355 1703 2416 qui-

263 2436 391 2489 dem,
417 2447 529 2479 cum
547 2429 667 2475 mihi
687 2429 876 2475 viderer
896 2431 1082 2476 veriora
1104 2430 1338 2492 reperisse
1360 2449 1370 2485 ;
1413 2428 1581 2476 saltem
1601 2443 1701 2476 non

265 2510 355 2555 nisi
387 2504 562 2554 caussis
594 2509 640 2549 et
670 2503 939 2548 rationibus
969 2503 1229 2564 appositis3
1266 2517 1431 2549 sensus
1463 2502 1595 2548 enim
1623 2516 1702 2548 me

264 2596 399 2627 meus
421 2579 577 2632 docet,
613 2591 713 2621 non
739 2591 905 2621 vacare
941 2576 1032 2622 hoc
1056 2577 1294 2638 superbia,
1328 2577 1383 2631 si,
1410 2577 1462 2622 in
1483 2575 1703 2621 virorum

265 2653 522 2699 doctorum
541 2648 765 2702 dissidiis,
788 2649 907 2710 quid
926 2650 1014 2695 tibi
1036 2650 1235 2710 placeat,
1262 2650 1464 2712 praecise
1490 2663 1704 2710 pronun-

265 2730 370 2782 ties,
407 2741 570 2774 caussa
596 2724 772 2786 judicii
808 2725 894 2779 tui,
923 2740 1009 2770 cur
1033 2727 1097 2769 ita
1121 2740 1326 2780 censeas,
1362 2739 1449 2770 cur
1472 2724 1565 2769 alia
1592 2723 1704 2783 reji-

267 2809 378 2861 cias,
404 2808 494 2853 alia
513 2806 748 2860 admittaS,
769 2821 868 2852 non
891 2805 1084 2860 addita;
1122 2806 1171 2852 id
1196 2805 1327 2867 quod
1352 2805 1507 2852 multo
1532 2804 1704 2849 moles-
