1877 3137
664 219 973 261 CARMEN
1004 219 1102 261 VII.
1530 223 1579 262 71

508 344 522 361 Χ

585 342 605 363 ,Ι
816 344 830 361 ἱ

391 351 559 416 Νομον,
587 349 700 397 ενῧα
728 367 835 396 ποτε

391 427 538 500 Βξὲχε
566 430 674 479 θεῶν
699 424 924 491 βασιλεὺς
952 426 973 477 ὁ
997 425 1147 495 μέγας

392 515 594 580 Χρυσαῖς
618 509 844 575 νιφάδεσσι
875 510 1016 569 πόλιν,

395 595 405 611 ς
484 593 498 610 ι
538 594 548 609 ‚
578 594 588 610 ε
721 592 734 609 2
900 590 912 608 l

302 610 354 645 65
410 597 538 663 Aiax
595 595 840 657 Αφαιστου
867 614 1081 661 treguam-c,

392 676 691 742 Χαλκελάτῳ
717 672 911 734 πελέκει,

392 755 601 827 Πατὲξος
626 757 873 808 Ἀθαναία
899 755 1090 825 κορυφὰν
1112 757 1212 807 κατ’
1243 753 1388 826 α’κξαν

391 841 402 855 5
563 839 577 855 l
672 840 682 854 ¹)
734 842 744 856 2
803 840 817 858 Ι

407 844 451 890 Α
461 862 673 909 νοξουσασ·
687 881 697 899 ,
723 852 913 890 αλαλα-

467 924 534 982 {zv
562 920 808 990 ὑπερμάκει
825 921 940 987 βοᾷ.

311 1015 364 1054 70
404 1000 602 1072 Οὗξανός
630 1002 663 1054 δ’
694 1000 836 1072 ἐ’φξιξέ
867 1026 919 1052 νιν
946 1001 1024 1052 καὶ
1053 1004 1180 1052 Γαῖα
1205 1002 1371 1070 pedm?-

738 1125 789 1163 Σ.
811 1122 864 1178 γ’.

924 1125 977 1163 K·
1000 1120 1053 1166 [ά.

395 1198 512 1250 Τότε
539 1200 617 1250 καὶ
645 1200 936 1269 φαυσῖζξοτος

179 1334 212 1364 in
229 1332 382 1373 margine,
398 1333 488 1363 etiam
503 1334 588 1365 Gott.
604 1335 714 1365 habet:
742 1335 826 1365 haud
840 1334 935 1364 dubie
948 1343 1005 1374 pro
1022 1333 1146 1368 absim,
1169 1342 1209 1362 ex
1227 1332 1333 1374 glossa
1349 1333 1429 1362 male
1448 1332 1599 1363 intellecti

179 1383 316 1424 ees-inu,
330 1384 413 1413 unde
429 1392 460 1416 et
476 1386 506 1414 in
524 1385 614 1416 Bodl.
630 1385 696 1416 MS.
723 1391 752 1415 et
765 1387 802 1417 C.
823 1385 916 1416 fluxit
939 1384 1047 1415 στέλλε
1065 1398 1073 1419 3
1097 1390 1128 1414 et
1144 1384 1230 1424 Aug.
1244 1382 1343 1424 στέλε,
1359 1394 1429 1414 cum
1451 1384 1495 1424 gl.
1511 1384 1603 1414 στίλ·

179 1441 244 1475 λον,
267 1445 336 1464 cum
354 1441 457 1465 tamen
474 1434 599 1466 στέλλεν
621 1447 677 1476 pro
700 1436 837 1467 στέλλειν
850 1438 901 1467 sit.
1030 1439 1082 1467 6⁶2.
1104 1434 1195 1474 Νὸμον
1210 1435 1263 1465 alii
1286 1435 1370 1475 apud
1392 1435 1603 1475 Schmidium,

180 1485 386 1518 incommode.
424 1487 570 1517 Ceterum
590 1497 687 1527 prava
702 1487 917 1528 interpunctio
932 1487 963 1516 in
979 1486 1038 1515 hoc
1054 1487 1122 1516 loco
1134 1486 1229 1516 totius
1244 1486 1390 1516 carminis
1406 1486 1521 1516 flumen
1533 1492 1600 1516 tan-

182 1546 274 1576 quam
290 1546 392 1578 agger
407 1537 550 1578 objectus
566 1538 744 1568 morabatur
758 1552 764 1568 :
783 1537 885 1575 Νομόν.
898 1537 997 1566 Ἔνθα
1012 1536 1140 1568 meri.-
1163 1537 1260 1567 Immo
1278 1547 1349 1567 vero
1365 1537 1494 1566 Oraeuli
1510 1538 1604 1566 verba

183 1587 326 1626 respexit
341 1587 371 1617 in
388 1587 448 1628 his,
461 1598 530 1627 quae
546 1594 720 1629 sequuntur
731 1600 740 1617 2
763 1588 862 1618 Jussus
876 1594 916 1618 est
933 1587 1108 1628 Tlepolemus
1121 1589 1272 1619 concedere
1294 1590 1325 1618 in
1349 1598 1410 1618 eam
1426 1587 1560 1624 insulam,
1573 1589 1605 1617 in

181 1648 236 1679 qua
256 1638 407 1679 aliquando
428 1650 531 1669 aurum
552 1638 677 1678 pluisset.
721 1639 805 1670 Dum
829 1639 968 1668 fabulam
991 1643 1097 1668 narrat
1120 1643 1223 1679 poeta,
1246 1639 1496 1680 phantasmatum
1521 1637 1551 1667 vi
1574 1643 1607 1667 et

183 1689 274 1729 copia
290 1691 439 1730 abreptus
455 1700 524 1720 mox
540 1689 580 1719 ad
595 1689 669 1727 alia,
684 1700 753 1730 quae
775 1700 844 1721 cum
866 1689 974 1719 fabula
989 1688 1158 1728 conjuncta
1180 1696 1263 1729 sunt,
1288 1688 1489 1730 progreditur
1508 1700 1536 1720 v,
1552 1690 1608 1720 ¹71.

184 1750 284 1779 usque
308 1739 347 1769 ad
363 1752 395 1772 v,
415 1743 488 1772 141.

183 1839 289 1871 einum
303 1842 334 1871 in
350 1841 455 1874 Schol.
477 1842 622 1874 occurrit.

182 1901 246 1923 sec.
260 1902 344 1923 cum.
360 1892 445 1923 Gott.

227 1994 296 2035 [62.
305 2004 376 2034 sqq.
389 1993 461 2025 Vid.
477 1994 570 2036 Birg.
579 1994 739 2026 Thorlacii
749 1996 868 2035 eaeplica-

186 2044 226 2074 tio
240 2043 328 2083 mythi
357 2044 550 2085 archaeologici
579 2046 614 2075 de
637 2046 730 2075 insula
758 2044 870 2085 Rhodo,

189 2103 270 2133 quem
282 2093 394 2133 Olymp.
410 2094 467 2123 vii.
479 2095 618 2125 62—99.
636 2094 785 2125 Pindarus
797 2095 870 2125 inse-

189 2144 262 2182 ruit,
288 2142 318 2172 in
336 2143 473 2174 Proluss.
490 2149 520 2172 et
537 2144 655 2184 Opusc.
680 2143 781 2173 Acad.
807 2148 833 2174 t.
851 2143 871 2173 i.

191 2202 277 2223 num.
295 2195 326 2223 8.
340 2204 370 2233 p.
387 2194 439 2224 97.
452 2204 520 2233 sqq.
534 2193 579 2224 Ex
594 2194 732 2231 Schedis.]

232 2244 285 2273 71.
311 2252 377 2283 sqq.
406 2242 446 2271 Ut
473 2242 650 2272 fabularum
676 2241 815 2271 ordinem
843 2246 874 2271 et

191 2301 317 2330 nexum,
332 2291 449 2331 impetu
466 2301 503 2321 ac
518 2291 629 2331 spiritu
645 2297 743 2332 poetae
767 2290 872 2321 turba·

192 2345 273 2380 tum,
297 2346 416 2379 teneas,
432 2340 500 2370 haec
514 2341 670 2371 monenda
685 2346 776 2371 sunt:
802 2341 874 2371 Pal-

192 2389 296 2419 ladem
312 2389 428 2419 Rhodii
445 2390 529 2430 apud
548 2401 580 2421 se
591 2396 692 2420 natam
711 2390 875 2420 tradidisse

193 2437 355 2469 videntur.
416 2439 548 2470 Pluerat
579 2446 682 2469 autem
703 2449 813 2470 aurum
843 2440 875 2470 in

193 2487 306 2516 Rhodo
319 2487 371 2529 (v,
385 2491 436 2520 64.
452 2488 545 2518 πόλιν
567 2489 686 2518 dictum
702 2499 757 2526 pro
765 2489 877 2531 χώραν,

192 2537 331 2577 insulam)
353 2538 398 2576 [v.
417 2538 634 2570 Wunderlich.
656 2537 824 2570 observat.
839 2540 872 2570 iu

193 2585 338 2625 AEschyl.
350 2597 380 2628 p.
403 2589 472 2618 191.
488 2586 531 2618 Ex
543 2586 705 2628 Schedis.])
719 2593 790 2617 nata
806 2589 875 2620 Pal-

194 2633 278 2665 lade.
322 2635 546 2666 Inhabitabant
569 2644 633 2667 tum
659 2637 790 2667 insulam
814 2640 875 2670 ite-

193 2682 295 2714 liadae.
341 2685 403 2716 Hos
423 2686 518 2726 jussit
530 2693 616 2728 pater
632 2687 682 2717 Sol
702 2687 816 2727 primos
830 2686 877 2715 in-

195 2736 243 2761 ter
268 2743 373 2765 omnes
387 2735 466 2765 alios
491 2736 611 2766 Palladi
638 2746 759 2767 sacrum
787 2735 876 2766 insti-

197 2786 294 2812 tuere.
335 2783 407 2815 Jam
423 2790 526 2816 autem
542 2791 608 2816 erat
624 2785 654 2815 in
669 2785 779 2815 Rhodo
795 2785 876 2815 anti-

619 1743 671 1772 63.
695 1740 847 1781 Respexit
863 1740 896 1772 h.
915 1740 936 1769 1.
950 1739 1103 1770 Aristides
1118 1745 1140 1771 t.
1153 1740 1175 1772 i.
1193 1751 1224 1781 p.
1237 1740 1311 1772 546.
1343 1749 1412 1771 cum
1437 1738 1504 1769 aliis
1521 1738 1607 1779 apud

184 1788 305 1820 Meurs.
323 1789 354 1819 in
372 1790 484 1821 Rhodo
500 1792 521 1823 i.
538 1794 590 1823 17.
605 1791 698 1822 etiam
721 1791 834 1822 Strabo
847 1791 914 1821 xiv.
931 1791 1065 1830 p..964.
1085 1790 1122 1821 C.

748 1844 802 1873 71.
823 1841 1033 1883 ooevcfpeqam
1057 1841 1146 1872 Bodl.
1163 1841 1232 1873 MS.
1259 1847 1292 1871 et
1314 1840 1352 1874 C.
1370 1846 1402 1872 et
1416 1835 1501 1881 Aug.
1531 1849 1550 1869 a
1566 1849 1610 1869 m.

1260 1792 1312 1823 64.
1328 1789 1466 1832 χρυσίαις
1485 1795 1515 1820 et
1529 1801 1605 1832 xeu-

926 1995 1074 2036 quissima
1100 1995 1241 2026 Palladis
1266 2006 1331 2036 ara,
1358 1995 1389 2024 in
1407 2004 1469 2034 qua
1492 1992 1609 2022 fiebant

925 2055 1014 2075 saera
1026 2044 1136 2086 ἄπυρα,
1152 2055 1236 2074 mera
1247 2044 1397 2074 libatione
1408 2048 1438 2073 et
1447 2042 1607 2084 frugibus.

926 2094 1029 2134 Hujus
1044 2095 1123 2124 sacri
1139 2094 1290 2135 originem
1307 2104 1390 2124 nunc
1413 2103 1431 2122 a
1453 2096 1610 2133 praecepto

926 2143 1083 2184 Apollinis
1109 2145 1223 2185 repetit
1248 2150 1353 2186 poeta.
1399 2143 1468 2174 Jam
1496 2153 1528 2175 v.
1553 2143 1607 2173 71.

927 2204 973 2233 sq.
989 2193 1143 2223 sententia
1165 2199 1228 2224 est:
1250 2194 1310 2224 Sub
1320 2194 1396 2223 idem
1410 2198 1528 2232 tempus,
1545 2203 1610 2222 cum

928 2241 1022 2274 Pallas
1032 2249 1100 2273 esset
1107 2245 1261 2278 nascitura,
1282 2243 1329 2273 Sol
1342 2249 1503 2281 monuerat,
1514 2243 1607 2281 jusse-

927 2293 1059 2333 ratfilios
1080 2303 1142 2323 suos
1154 2287 1300 2324 observare
1320 2302 1379 2322 rem
1390 2294 1512 2332 jamjam
1518 2291 1609 2331 futu-

931 2352 1003 2381 ram,
1015 2346 1061 2381 ut,
1078 2349 1151 2371 nata
1179 2342 1248 2381 dea,
1270 2341 1495 2371 antevertendo
1521 2341 1611 2381 alios,

927 2392 1014 2430 primi
1026 2402 1108 2421 aram
1120 2391 1176 2421 deae
1188 2392 1220 2420 in
1237 2391 1296 2422 loco
1319 2392 1466 2430 conspicuo
1482 2397 1609 2421 exstrue-

928 2445 1000 2476 rent,
1015 2446 1041 2470 et
1055 2450 1134 2471 sacro
1146 2441 1178 2471 in
1187 2451 1219 2471 eo
1221 2440 1319 2481 sacto,
1336 2450 1402 2470 cum
1422 2439 1492 2470 Jove
1513 2439 1619 2469 Palla·-

930 2491 992 2520 dem
1003 2491 1154 2530 propitiam
1165 2491 1215 2520 sibi
1226 2491 1392 2521 redderent.
1417 2487 1536 2518 ἔνέτειλε
1555 2498 1613 2528 pro

927 2539 1120 2570 tuq-wenna.
1135 2538 1169 2569 eo*
1178 2539 1262 2580 χρέως
1275 2542 1375 2579 pot-est
1391 2547 1459 2567 esse
1475 2537 1522 2566 vel
1534 2538 1611 2580 χρῆ-

928 2599 985 2625 μα,
1009 2588 1056 2618 vel
1088 2589 1161 2628 quod
1185 2589 1361 2628 injungitur,
1376 2587 1448 2626 quod
1468 2593 1610 2625 praestan·

929 2639 999 2668 dum
1013 2644 1064 2673 est,
1080 2644 1113 2667 ut
1130 2636 1299 2676 aliquoties
1315 2646 1366 2675 ap.
1385 2634 1514 2665 Pindar.
1528 2636 1612 2666 unde

932 2687 1073 2729 πράσσειν
1086 2688 1169 2728 (pru,
1183 2683 1364 2726 ixaegoe'ffaeuv)
1382 2683 1477 2726 χρέος.
1492 2684 1562 2716 Τότι
1575 2687 1611 2726 5¹,

929 2737 978 2769 illo
988 2737 1126 2768 natalium
1135 2735 1262 2766 Palladis
1273 2739 1408 2774 tempore.
