1877 3137
242 216 296 257 xii
775 210 1184 252 PRAEFAT10‚

244 347 495 404 poetarum
533 337 681 399 hujus
719 336 913 397 generis
947 341 1132 379 servata
1165 333 1363 393 majoris
1401 335 1547 380 etiam
1585 350 1687 381 mo-

245 415 399 461 menti
423 419 549 467 sum,
576 403 709 473 q'uod
734 415 783 455 et
802 408 1038 453 sermonis
1072 406 1352 467 lyricorum,
1378 413 1424 452 et
1445 408 1684 464 metriceS,

247 495 295 534 et
332 485 610 548 argumenti
646 484 707 529 ab
738 483 795 528 iis
831 481 1020 526 tractati
1058 480 1258 540 vestigia
1300 481 1683 528 subministrant.

251 561 471 609 Collecta
508 557 708 605 Pindari
736 556 1023 616 Fragmenta
1045 559 1158 599 sunt
1182 553 1459 601 incredibili
1484 571 1596 601 cum
1620 556 1689 601 la-

247 638 407 684 borea
422 635 525 680 viro
542 631 835 684 doctissimo,
857 629 889 674 S
910 645 935 674 c
954 643 987 673 H
1010 644 1042 673 N
1066 643 1097 673 Ε
1121 643 1138 672 1
1163 644 1195 673 D
1215 644 1244 673 E
1265 644 1301 673 R
1318 644 1365 684 o,
1384 634 1494 675 ante
1513 645 1686 676 xxlu.

248 725 399 757 annos
421 729 430 763 ;
472 706 612 753 facile
633 705 694 751 ab
719 720 775 750 eo
800 701 1067 764 impetravi,
1092 706 1147 746 ut
1169 701 1335 748 liceret
1357 717 1412 748 ea
1433 709 1690 749 retractare

249 790 298 831 et
329 782 448 829 huic
475 778 673 826 editioni
709 777 937 830 inserere,
974 790 1100 821 novo
1135 791 1248 821 cum
1283 776 1514 836 instituto,
1548 783 1601 823 ut
1635 793 1691 823 ea

250 857 537 905 collocarem
560 852 655 898 alio
679 851 848 897 ordine
871 856 918 895 et
941 848 1212 911 digererem
1245 849 1515 896 secundum
1541 851 1692 912 scrip-

249 939 390 985 tores,
417 928 501 990 qui
525 927 610 972 illa
634 930 885 971 servarunt
906 943 916 978 3
960 939 1087 978 cum,
1112 923 1149 969 si
1176 923 1270 977 hoc
1295 939 1538 979 novarem,
1563 923 1694 986 adje-

252 1014 330 1054 cto
363 1010 595 1068 praeterea
618 1000 779 1047 indice
812 999 1116 1061 singulorum
1142 999 1375 1055 locorum,
1408 1000 1473 1046 ita
1497 1000 1694 1047 effectu-

252 1095 361 1126 rum
379 1093 457 1124 me
476 1092 576 1122 esse
594 1074 824 1130 viderem,
845 1080 899 1119 ut
916 1073 964 1119 in
984 1080 1180 1135 promtu
1198 1075 1273 1129 sit,
1288 1074 1327 1120 si
1347 1090 1442 1136 qua
1461 1075 1554 1121 alia
1569 1074 1694 1136 frag-

252 1159 415 1200 menta
437 1166 487 1196 se
509 1148 787 1202 obtulerint,
820 1147 920 1194 suis
955 1162 1012 1192 ea
1044 1147 1162 1194 locis
1197 1148 1420 1203 inserere,
1448 1148 1695 1210 simulque

256 1226 464 1289 reperire
484 1239 553 1280 ea,
572 1238 682 1285 quae
700 1222 806 1283 jam
826 1221 879 1267 in
900 1236 1100 1267 recensu
1123 1220 1247 1268 facto
1267 1221 1527 1268 habentur.
1569 1222 1696 1273 Quae·

254 1301 434 1348 auxilia
456 1306 503 1345 et
526 1296 742 1343 subsidia
764 1311 877 1342 cum
899 1303 1040 1342 antea
1062 1296 1282 1342 deessent
1301 1315 1310 1342 :
1364 1301 1622 1358 potuerunt
1645 1296 1696 1342 in

258 1378 290 1424 S
314 1394 340 1423 6
366 1392 398 1422 11
420 1391 452 1421 N
474 1390 504 1420 E
526 1389 543 1418 1
568 1390 600 1419 D
616 1389 646 1418 E
665 1389 700 1418 R
725 1388 743 1417 1
776 1387 977 1417 recensu
996 1371 1273 1427 desiderari,
1294 1387 1405 1433 quae
1429 1372 1479 1417 in
1503 1386 1561 1417 eo
1582 1372 1696 1417 late-

256 1453 384 1505 bant,
421 1456 468 1495 et
500 1447 657 1508 potuit
686 1461 802 1500 esse,
829 1446 915 1507 qui
943 1446 1290 1508 pronuntiaret,
1315 1444 1696 1506 fragmentorum

256 1530 439 1588 partem
480 1535 707 1582 magnam
753 1518 785 1565 S
805 1536 830 1565 c
850 1535 882 1565 H
905 1535 938 1565 N
955 1535 985 1565 E
1006 1535 1023 1564 1
1044 1535 1079 1565 D
1096 1535 1125 1565 E
1145 1536 1180 1565 R
1201 1535 1231 1565 U
1253 1536 1292 1565 M
1336 1518 1518 1579 fugisse
1541 1540 1551 1574 3
1601 1519 1697 1564 vel-

257 1600 354 1645 lem
377 1611 531 1642 111111111
567 1601 613 1640 et
646 1593 851 1640 alterum
881 1594 1162 1655 exemplum
1191 1593 1468 1656 appositum
1494 1592 1660 1639 fuisset
1683 1595 1692 1638 ἔ

261 1671 493 1719 Carmina
517 1667 734 1722 Pindari,
759 1683 785 1713 e
810 1667 990 1728 quibus
1009 1666 1283 1728 fragmenta
1301 1673 1573 1729 supersunt,
1598 1682 1699 1713 me-

260 1751 445 1792 morata
479 1748 590 1788 sunt
624 1741 684 1786 ad
715 1741 894 1786 calcem
926 1741 977 1787 in
1013 1740 1209 1787 Ordine
1243 1741 1695 1802 Fraymentorum.
1760 1768 1769 1774 *-

266 1820 486 1870 Quorum
508 1822 741 1877 praeterea
759 1815 1029 1861 carminum
1052 1815 1253 1861 nomina
1269 1830 1297 1860 a
1322 1813 1472 1860 Suida
1494 1820 1576 1859 aut
1594 1814 1699 1860 aliis

262 1898 423 1939 notata
441 1897 564 1944 sunt,
590 1889 687 1935 fide
710 1904 811 1935 non
835 1890 1018 1951 ubique
1042 1890 1152 1936 satis
1175 1895 1317 1944 certa,
1344 1904 1401 1934 ea
1416 1887 1568 1934 videri
1597 1904 1703 1950 pos-

262 1973 373 2012 sunt
408 1966 458 2011 in
499 1963 730 2010 Biblioth.
757 1963 843 2010 Gr.
873 1963 1403 2010 Fabricio-Harlesiana
1424 1968 1543 2008 tom.
1568 1963 1620 2009 ii.
1647 1978 1698 2024 p.

263 2040 344 2085 78.
369 2055 441 2101 sq.
462 2038 542 2083 hic
563 2052 618 2083 ea
640 2052 1024 2083 commemorare
1043 2053 1165 2100 opus
1183 2053 1282 2083 non
1306 2042 1420 2083 erat.

333 2113 403 2158 lta
426 2127 517 2157 1166
553 2126 743 2156 11666556
767 2117 882 2165 erat,
918 2118 973 2157 ut
1006 2111 1068 2157 de
1105 2112 1201 2157 vita
1238 2109 1436 2156 Pindari
1470 2110 1707 2156 sollennia

268 2186 631 2250 praemitterem‚
651 2184 711 2230 de
732 2200 827 2246 qua
845 2200 957 2231 cum
976 2184 1145 2231 eadem
1164 2183 1471 2231 Bibliotheca
1486 2183 1608 2231 adiri
1624 2200 1708 2246 po-

267 2268 376 2316 test,
392 2266 495 2305 tum
515 2259 546 2304 S
561 2275 587 2304 6
605 2274 685 2319 ΗΙΝ
702 2275 732 2304 Ε
748 2275 765 2304 1
784 2275 815 2304 1)
830 2275 859 2304 Ε
873 2275 904 2305 R
922 2275 939 2304 1
978 2260 1171 2306 libellus
1195 2265 1340 2305 extat.
1382 2252 1459 2304 De
1482 2258 1646 2304 indole
1661 2265 1708 2304 et

266 2337 540 2384 charactere
560 2334 786 2380 carminis
811 2335 947 2396 lyrici
966 2334 1213 2382 Pindarici
1230 2339 1433 2396 egerunt
1446 2333 1614 2388 multi;
1638 2334 1709 2380 in-

266 2416 338 2457 ter
372 2423 462 2455 nos
498 2407 696 2469 quidem
733 2414 840 2469 post
879 2408 910 2454 S
934 2424 959 2453 c
984 2425 1017 2454 H
1035 2426 1067 2454 N
1088 2426 1117 2455 E
1142 2426 1158 2455 1
1180 2426 1213 2455 D
1231 2425 1261 2455 E
1277 2425 1312 2454 R
1334 2425 1366 2455 U
1382 2426 1421 2455 M
1461 2407 1707 2470 praecipue

269 2484 354 2536 JA
371 2499 396 2528 c
417 2498 445 2528 o
467 2497 498 2527 B
516 2496 537 2526 5
584 2482 631 2526 111
656 2481 826 2527 addit.
852 2481 925 2528 ad
949 2482 1151 2530 Seclzeri
1176 2483 1449 2531 Theoriam
1484 2488 1585 2528 art.
1614 2482 1710 2528 ele·

268 2562 415 2618 gyani.
489 2554 591 2600 Nec
616 2554 715 2599 vim
748 2555 948 2615 lyricam
972 2558 1229 2604 commode
1276 2558 1387 2604 satis
1425 2555 1708 2602 hominibus

271 2630 443 2675 nostris
461 2629 553 2674 nisi
576 2628 833 2673 vernaculo
868 2644 1089 2677 sermone
1124 2632 1302 2694 exponi
1339 2646 1479 2694 posse
1513 2629 1710 2675 arbitra-

271 2705 372 2749 bar.
445 2704 526 2760 Iis,
552 2703 635 2764 qui
661 2703 859 2765 antiqua
882 2712 1064 2759 curant,
1101 2708 1349 2754 sufficiunt
1382 2713 1496 2753 nota
1521 2705 1708 2751 Horatii

273 2783 319 2824 et
344 2778 658 2828 Quinctiliani
677 2777 864 2838 judicia
889 2794 1000 2826 cum
1019 2782 1476 2842 yrammaticorum
1499 2778 1710 2827 notitiis.
