1877 3137
643 189 1075 233 CARMENXI.
1505 187 1586 232 317

373 319 702 387 Ομοθάλαμιε
732 315 965 387 Νηξηὶ”δων,“

310 416 335 451 5
368 399 463 452 ’Ire
491 424 565 452 συν
591 399 847 471 Ηξακλὲος
876 396 1143 470 ἀξιστογόνῳ

376 482 556 553 Ματὲξι
584 484 675 553 τὰς
703 482 886 533 Μελίαν
914 479 1104 552 χρυσέων

376 568 454 624 Ἐς
483 564 642 618 οἵὸυτον
669 564 872 635 τριπόδων

381 647 625 719 Θησαυρὸν,
651 645 693 699 ὃν
721 647 928 717 πεξῖοιλλ’
961 645 1043 696 ἐτῖ-

449 754 572 800 μασε
603 730 787 791 Λοξίας,

724 868 774 906 Α.
804 865 842 905 ά.
903 868 957 904 Κ.
980 863 1032 903 θ’.

251 973 302 1008 10
375 958 590 1027 Ἰσμήνιον
617 958 650 1009 δ’
681 957 840 1027 ὀνύμα-

455 1044 533 1102 Ξεν,
560 1039 759 1092 ἀλαθέα
785 1046 987 1110 μαντεῖον
1015 1043 1167 1100 θῶκον,

370 1121 439 1174 ΨΩ
464 1124 618 1182 παῖδες
644 1124 902 1194 εΑξμονιόις,
924 1120 1036 1174 ’ἔνθα
1057 1123 1141 1173 καί

160 1275 258 1307 Pauw
274 1276 389 1306 acriter
403 1276 556 1318 increpat.
602 1276 735 1307 Molitur
749 1277 812 1307 alia
828 1276 1013 1318 Mingarell.
1028 1274 1173 1315 Conject.
1191 1284 1265 1315 pag.
1279 1274 1332 1304 51.
1358 1276 1389 1302 et
1405 1271 1438 1302 in
1453 1270 1598 1312 schedis3

157 1327 253 1359 etiam
270 1328 302 1358 in
318 1338 348 1361 v.
366 1331 395 1360 6.
442 1328 630 1368 Relinquam
654 1328 682 1359 ei
699 1328 925 1364 definiendum,
941 1327 994 1367 qui
1012 1332 1106 1357 totam
1125 1336 1188 1356 rem
1205 1325 1365 1359 metricam
1384 1322 1513 1353 Pindari
1528 1332 1602 1352 con-

156 1379 307 1412 stituerit.
352 1379 543 1420 Scrupulum
570 1379 675 1421 injicit
702 1391 728 1409 v.
753 1382 806 1410 74.
824 1378 876 1418 qui
891 1378 935 1408 sic
954 1379 985 1408 in
1001 1378 1061 1407 fine
1077 1382 1223 1418 correpta
1240 1375 1361 1416 syllaba
1376 1374 1533 1404 laboraret
1545 1385 1602 1403 :—

155 1430 208 1468 ξαν
228 1429 303 1460 *Ελ-
327 1441 399 1462 cum
424 1441 453 1460 v.
474 1433 568 1461 11.—-
1150 1428 1182 1459 5.
1206 1426 1270 1457 ἴση
1285 1426 1354 1457 Pal.
1369 1424 1407 1457 C.
1429 1423 1605 1467 ἄρισταγῦνω

160 1492 216 1522 pro
232 1481 418 1523 ἄριστογὸνου
429 1481 588 1524 ’Ἡρακλέος
605 1481 728 1522 legerat
744 1480 853 1513 Schol.
877 1481 985 1520 sicque
997 1479 1047 1510 ed.
1066 1479 1157 1511 Rom.
1172 1479 1259 1509 Crat.
1274 1479 1318 1509 al.
1345 1487 1402 1507 nec
1426 1477 1529 1507 minus
1546 1485 1606 1505 nec

160 1533 261 1572 magis
283 1533 454 1565 commode.
584 1537 617 1565 6.
643 1532 726 1575 παρὰ
743 1534 832 1563 metri
850 1542 962 1563 caussa
977 1530 1198 1561 emendaverat
1213 1529 1407 1568 Schmidius,
1422 1539 1476 1569 pro
1492 1527 1603 1567 vulga-

160 1588 192 1613 to
209 1580 280 1625 σάς.
325 1583 412 1613 Malo
427 1595 497 1614 cum
517 1584 626 1615 Pauw.
649 1584 789 1624 credere,
807 1583 903 1614 fuisse
920 1582 992 1613 olim
1011 1582 1160 1623 scriptum
1178 1580 1289 1622 Ματὲρι
1306 1579 1366 1622 τὰς
1381 1584 1422 1612 Μ.
1439 1579 1523 1619 quod
1539 1589 1605 1609 me-

160 1640 242 1665 trum
268 1635 456 1675 dactylicum
485 1636 633 1676 postulat.
677 1635 715 1665 In
739 1635 800 1665 fine
823 1633 954 1676 χρυσέων
967 1639 1014 1664 est
1028 1632 1248 1673 dissyllabum.
1380 1634 1413 1663 ’7.
1438 1630 1463 1664 ἒς
1480 1630 1604 1661 etiamn

164 1685 303 1716 Schmid.
328 1696 382 1727 pro
400 1687 488 1726 vulg.
507 1685 558 1719 ιῖς.
689 1689 720 1725 8,
737 1688 769 1717 9.
792 1686 902 1716 Fuisse
918 1685 989 1714 olim
1007 1684 1089 1722 τάξιν
1105 1683 1214 1714 horum
1230 1683 1369 1713 colorum
1383 1682 1474 1712 aliam
1504 1681 1602 1711 Pauw

160 1736 310 1777 putabat:
340 1735 498 1778 Θησαυρὸν,
522 1735 550 1767 ἓν
574 1735 713 1778 περίαλλ’
737 1736 763 1766 ὲ-
775 1735 883 1774 τίμασε
898 1734 1014 1775 Λοξίας,
1030 1741 1061 1765 et
1081 1735 1126 1765 sic
1140 1735 1171 1765 iu
1189 1735 1301 1766 ceteris
1324 1733 1461 1774 strophis
1478 1738 1509 1763 et
1523 1732 1605 1762 anti-

160 1787 311 1827 sti-ophis.
445 1793 495 1819 11.
517 1789 650 1826 μαντεῖον
670 1797 712 1817 ex
734 1787 806 1817 Ald.
825 1787 954 1818 retraxit
974 1786 1115 1818 Schmid.
1142 1786 1251 1816 vitium
1277 1785 1424 1816 intulerat
1439 1785 1603 1814 Romana:

158 1839 299 1878 μαντείων
315 1840 420 1871 Saxam
442 1841 545 1882 Supra
559 1839 656 1880 βωμῖις
670 1842 804 1880 μαντεῖος
822 1840 872 1871 Ol.
886 1840 926 1870 vi-
940 1841 972 1871 ’7.
988 1845 1019 1870 et
1032 1851 1131 1879 (coxae
1144 1838 1283 1877 μαντήιος
1296 1837 1392 1878 Pyth.
1406 1847 1436 1868 v,
1452 1838 1504 1867 92.
1549 1835 1607 1868 Est

161 1897 266 1939 tamen
283 1892 452 1923 difficultas
469 1893 610 1929 metrica,
626 1892 735 1932 quod
726 1903 758 1922 1n
775 1903 877 1931 μανι-ει
882 1904 907 1921 ον
922 1891 1025 1921 media
1039 1890 1144 1921 brevis
1158 1900 1227 1921 esse
1241 1889 1390 1920 debebat.
1423 1888 1606 1929 Mingarell.

697 1432 728 1462 3.
749 1428 811 1459 ’Im‘
827 1441 858 1459 τε
875 1429 968 1460 Bodl.
984 1441 1019 1467 y.

162 1953 226 1974 em.
247 1942 368 1981 fairwau
392 1943 440 1974 vel
462 1942 614 1983 μαντικόν.

167 1995 220 2025 70.
234 2003 251 2023 e
266 1993 419 2034 Didymo.

163 2131 263 2163 catur,
274 2131 308 2157 ut
324 2137 444 2168 pompae
456 2127 582 2158 victoris
597 2128 752 2158 intersint.
774 2127 856 2158 Con-

165 2175 309 2206 tinuatur
337 2177 448 2213 oratio,
475 2177 575 2216 lyrico
597 2177 709 2217 spiritu
728 2178 859 2208 circum-

163 2224 270 2263 ducta,
286 2236 390 2265 usque
415 2226 454 2255 ad
471 2237 499 2257 V.
518 2230 570 2257 ⁶24.
590 2226 732 2266 adeoque
757 2237 784 2256 v.
810 2230 860 2259 11.

164 2280 233 2314 post
256 2273 353 2311 Salina»
376 2285 439 2305 non
462 2275 555 2316 plene
570 2276 859 2317 interpungendum

163 2329 222 2364 est,
238 2334 296 2354 uec
310 2335 339 2354 v.
356 2326 408 2355 18.
431 2331 500 2364 post
523 2323 644 2366 ἱσπέρᾳ.
691 2326 863 2366 Jungenda

165 2383 290 2413 quoque
307 2380 401 2404 sunt:
428 2372 548 2413 Κάδμου
564 2374 655 2416 κὸροιι,
672 2381 702 2405 et
720 2386 748 2406 v.
767 2380 820 2408 12.
838 2374 862 2406 ὦ

161 2421 266 2456 παῖδες
289 2421 454 2464 ‘Aqua-ias,
481 2433 550 2462 quae
571 2423 707 2463 junctim
735 2431 854 2456 essent:

162 2470 412 2513 παῖδεςηΚάδμου,
429 2472 481 2502 καὶ
503 2473 666 2515 *Αρμονίαιῂ
711 2474 857 2506 Jubentur

163 2529 267 2551 autem
295 2523 390 2553 adesse
411 2525 451 2553 ad
466 2525 602 2563 templum
618 2524 756 2563 Apollinis
770 2524 858 2556 Isme-

161 2572 214 2606 nii,
240 2578 272 2602 ut
300 2583 407 2612 pompae
432 2574 546 2604 victoris
575 2574 611 2603 ud
629 2574 701 2604 illud
723 2575 861 2606 ducendae

162 2621 296 2651 intersint
310 2626 337 2651 et
351 2622 453 2663 hymno
467 2624 580 2655 victoris
589 2626 729 2655 occinunt.
771 2624 862 2654 Tem-

165 2667 251 2708 plum
286 2669 444 2710 Apollinis
472 2674 604 2714 egregie
627 2673 749 2703 ornavit
780 2682 810 2704 v.
840 2675 858 2704 6

160 2719 263 2748 --11.
280 2718 363 2760 παρὰ
380 2719 502 2753 Μιλίαν.
525 2722 654 2753 Scilicet
671 2722 732 2752 fuit
748 2722 781 2752 in
807 2732 858 2752 eo-

166 2765 236 2796 dem
254 2767 371 2808 templo
388 2768 500 2810 religio
515 2769 621 2810 aliqua
637 2770 745 2801 Meliae
762 2775 792 2801 et
815 2771 864 2802 Is·

168 2814 266 2857 meni,
296 2825 388 2856 quem
418 2827 459 2849 ex
489 2818 549 2850 ista
578 2819 717 2863 nympha
745 2820 862 2863 Apollo

660 1942 712 1974 Ad
736 1947 833 1974 totum
857 1943 960 1974 locum
979 1942 1020 1973 cf.
1035 1941 1174 1972 Pausan.
1186 1941 1232 1971 ix
1251 1943 1301 1973 10.
1317 1945 1348 1970 et
1364 1935 1510 1971 Ammon.
1530 1949 1606 1980 pag.

914 2133 1119 2169 susceperat3
1146 2128 1230 2159 unde
1253 2135 1284 2159 et
1299 2138 1411 2158 nornen
1428 2129 1460 2160 b.
1477 2128 1498 2160 l.
1514 2126 1611 2167 templi

913 2177 1042 2214 Ismenii,
1052 2182 1087 2207 ut
1099 2178 1196 2219 vulgo
1207 2177 1364 2219 Apollinis
1378 2177 1518 2208 Ismenii.
1539 2177 1609 2206 Tri-

917 2227 1024 2268 podes,
1047 2238 1135 2267 quos,
1160 2238 1178 2257 a
1208 2227 1425 2258 sacerdotibus
1449 2227 1609 2257 dedicatos

916 2287 1023 2311 aereos,
1050 2276 1221 2307 Pausanias
1242 2282 1393 2306 memorat
1407 2277 1446 2307 ix.
1465 2279 1520 2308 10.
1546 2286 1606 2306 non

917 2325 979 2356 huc
1002 2331 1167 2367 spectant3
1200 2326 1256 2356 sed
1278 2326 1415 2356 Pindaro
1430 2333 1503 2356 sunt
1517 2327 1611 2363 aurei,

916 2379 1032 2418 antiqua
1053 2377 1103 2407 illa
1117 2378 1248 2417 donaria,
1267 2377 1298 2406 in
1317 2377 1432 2416 quibus
1448 2376 1539 2406 etiam
1558 2376 1611 2405 lit-

916 2427 990 2457 teris
1018 2425 1162 2457 Cadmeis
1185 2426 1328 2466 inscripti
1355 2432 1418 2456 tres
1443 2425 1488 2456 illi
1503 2435 1610 2456 versus

915 2481 1000 2515 sunt,
1028 2486 1105 2515 quos
1131 2475 1307 2505 Herodotus
1325 2475 1422 2506 v.59.
1447 2479 1611 2505 memorat.

915 2525 1024 2555 Fuisse
1046 2525 1077 2554 in
1105 2523 1212 2554 eodem
1237 2524 1354 2565 templo
1375 2525 1508 2564 parurn
1523 2534 1561 2553 ex
1577 2534 1610 2561 V,

916 2578 969 2607 11.
995 2574 1153 2604 discimus.

963 2625 1104 2654 12-14
1135 2621 1209 2651 ἔνθα
1224 2620 1275 2651 καὶ
1303 2620 1481 2652 νυν-καλεῖ
1498 2634 1610 2662 ομηγν-

917 2685 945 2716 εξ
936 2685 968 2703 .oe
991 2683 1116 2713 Uffeoefl'OD
1146 2681 1267 2710 θΙΙΗμΕΙ,
1293 2681 1372 2712 pro:
1397 2670 1470 2701 ‘Usa
1487 2684 1538 2702 nal
1569 2684 1612 2702 'UD

917 2723 1011 2751 καλεῖ
1035 2720 1110 2760 ὖμὲἷς
1155 2720 1190 2760 [Ι.
1217 2721 1333 2762 Apollo
1358 2721 1380 2752 l.
1404 2720 1512 2752 Melia.
1550 2721 1611 2751 hoc

918 2771 1030 2801 melius
1046 2770 1122 2802 Sch.
1136 2769 1183 2801 Ex
1203 2770 1362 2812 Schedis.].
1383 2771 1491 2811 itaque
1506 2771 1611 2812 sequi-

919 2826 971 2853 tur
984 2822 1041 2853 17.
1065 2817 1137 2863 οφρα
1149 2815 1305 2863 audiri,
1319 2827 1352 2854 ut
1371 2822 1478 2854 canam
1500 2819 1614 2860 Themi}
