1877 3137
225 207 307 244 448
789 200 1062 243 ΝΕΜΕΑ.

328 341 408 378 115
517 325 674 394 ’γάζων
701 325 788 377 ἴδεν
817 323 1033 391 Λυγκεὺς
1061 322 1183 395 δξυὸς
1211 324 1250 375 ἓν
1278 322 1490 394 στελέχει

442 407 662 477 εΗμὲνως.

741 409 882 460 κείνου
904 409 997 478 γάξ
1020 406 1277 477 ἐπιχθονίων

445 491 632 542 Πάντων
662 488 795 555 γένετ’
827 489 1040 551 ὀξύτατον

442 570 640 642 ”Ομμα.
719 574 966 642 λαιψηξοῖς
997 570 1041 623 δὲ
1068 569 1270 622 πόδεσσιν
1297 567 1426 641 οἵφαξ

221 769 254 793 et
270 763 329 794 hoc
342 763 473 792 mutavit
487 762 599 804 Steph.
616 765 647 792 in
665 773 776 793 ποταιν-
792 761 908 802 γάζυν.
1085 763 1162 793 116.
1187 760 1362 802 Egregium
1380 759 1419 791 ad
1431 759 1464 790 h.
1475 760 1498 792 l.
1514 759 1665 791 habemus

222 814 371 844 Scholion
389 815 565 853 antiquum,
584 813 642 843 etsi
667 814 841 844 turbatum.
886 811 1090 842 Aristarchus
1119 812 1224 852 legere
1243 811 1384 851 jusserat
1402 809 1527 850 ii'mrm:
1554 822 1666 851 seque-

223 865 315 895 batur
331 864 399 905 ejns
422 864 639 894 auctoritatem
667 864 890 904 ApollodoruS.
937 862 1057 893 Contra
1080 862 1236 902 Didymus
1263 862 1455 893 defendebat
1481 861 1586 901 ἧμίνως
1598 861 1665 903 (vel

224 916 328 956 potius
343 915 451 953 ἡμίνος,
464 921 497 946 ut
510 921 541 944 et
558 914 651 944 dictis
665 915 797 955 colligo)
814 925 869 955 pro
884 913 1014 951 ἡμένους.
1031 920 1062 944 et
1078 913 1142 953 hic,
1159 923 1221 943 non
1238 913 1450 949 Aristarchus,
1460 913 1500 942 ad
1512 913 1665 954 Cyprium

225 976 351 996 carmen
370 976 537 1006 provocare
555 966 668 1006 potuit.
714 966 824 1006 Cyprii
849 965 994 996 carminis
1010 965 1106 995 verba
1134 964 1293 1005 adscripta
1317 970 1391 994 sunt
1407 965 1474 994 haec
1487 961 1625 1001 ;-αῗψοι
1640 961 1668 993 δὶ

225 1016 361 1056 Λυγκεὺς
389 1015 532 1055 Τηΰγετον
550 1016 713 1058 τροσέςαινε
729 1016 812 1047 ποσὶν
827 1016 973 1056 ταχέεσσι
985 1015 1146 1049 aesaeoasafe.
1189 1014 1370 1057 Ἀκρῦτατον
1394 1013 1417 1044 δ’
1432 1014 1555 1054 ἄναῖὰς,
1571 1013 1670 1055 διεδέξ-

225 1081 295 1099 mn
311 1068 386 1100 νῖἱσον
401 1066 523 1098 ἔπαισαν
567 1067 750 1098 Τανταλὶδου
768 1067 914 1101 Πέλοπος·
939 1066 1029 1107 *rixa
1052 1067 1075 1097 δ’
1099 1066 1181 1097 εἴσιδε
1198 1065 1312 1103 κύδιμος
1329 1065 1398 1108 ἥρως
1416 1066 1452 1096 εἶν
1473 1066 1670 1106 ὀφθαλμοῖσιν

225 1119 280 1150 's‘m
296 1118 372 1161 δρυὸς
389 1119 479 1158 ἄμφω
495 1118 596 1152 κοίλης
609 1120 693 1160 (leg.
720 1119 940 1158 Ὀφθιλμοῖσιν
963 1118 1017 1149 ἴσω
1042 1119 1141 1151 κοίλης
1158 1117 1233 1161 δςνός
1250 1118 1341 1156 ἡμίναν
1361 1118 1463 1158 ἄμφω]
1475 1141 1484 1157 ,
1530 1115 1671 1159 Κάστορί

226 1171 257 1201 S'
285 1169 451 1208 ι’σητόδιιμον
476 1170 528 1200 καὶ
554 1170 730 1212 ἀεθλοφὸρον
746 1169 927 1203 Πολυδεύκη.
973 1170 1044 1207 Νύξε
1060 1168 1085 1199 δ’
1103 1169 1159 1212 ἆρ’.
1203 1169 1383 1212 Ἀγχὶστωρ
1410 1169 1507 1210 ἐλόχα
1523 1167 1670 1199 τόννῐδαν

227 1228 350 1261 φησι--.
372 1221 531 1263 Corrupta
551 1222 627 1253 haec.
661 1223 752 1252 Forte
770 1222 847 1253 fuit:
867 1222 938 1260 Νὑξε
955 1220 978 1251 δ’
992 1222 1039 1263 ἄρ’
1057 1221 1140 1261 ἄγχι
1153 1221 1206 1254 ςὰς
1224 1221 1270 1251 τὸν
1289 1220 1418 1263 Ketis-oea.
1438 1219 1543 1263 Κιέςως
1558 1219 1670 1260 ἰλὸχα,

227 1273 308 1314 φησὶ,
334 1281 393 1306 etc.
439 1274 538 1304 Iidem
567 1285 674 1304 versus
701 1279 786 1313 sunt,
812 1284 869 1304 nec
892 1274 995 1303 minus
1020 1274 1172 1314 corrupti,
1196 1284 1247 1313 ap.
1265 1273 1370 1304 Tzetz.
1388 1273 1471 1305 Chil.
1489 1274 1523 1305 ii.
1541 1276 1614 1304 710.
1638 1278 1670 1302 et

226 1327 333 1357 Schol.
350 1325 505 1365 Lycophr.
529 1326 605 1356 511.
622 1335 651 1357 v,
670 1325 742 1357 Not.
758 1325 798 1355 ad
824 1325 973 1366 Apollod.
996 1324 1042 1354 iii.
1063 1328 1114 1355 10.
1135 1326 1167 1355 2.
1195 1335 1224 1364 p.
1241 1325 1318 1355 733.
1367 1324 1415 1353 Ex
1442 1324 1516 1355 edd.
1535 1329 1670 1363 utraque

227 1378 375 1419 princeps
390 1376 496 1415 ἧμὶνως
514 1376 642 1406 exhibet
657 1386 726 1405 eum
755 1376 917 1408 Brubach.
935 1383 965 1406 et
983 1375 1107 1406 Moren.
1128 1375 1210 1414 quod
1228 1382 1294 1404 erat
1312 1375 1529 1415 repetendum.
1572 1372 1670 1413 ἥμενον

222 1429 427 1459 emendatum
455 1437 474 1457 a
497 1427 584 1458 Crat.
609 1427 709 1467 Steph
749 1427 891 1458 Schmid.
916 1425 962 1465 [v.
981 1425 1153 1456 Hermann.
1177 1425 1215 1455 de
1242 1426 1325 1457 Dial.
1349 1426 1443 1457 Pind.
1472 1437 1500 1466 p.
1517 1425 1595 1456 xxii.
1624 1425 1669 1456 Ex

226 1481 365 1520 Schedis.]
412 1481 495 1510 Sane.
512 1480 649 1510 accurrit
675 1490 747 1510 mox
773 1479 885 1509 Pollux
910 1481 984 1509 123.
1002 1478 1145 1517 adeoque
1162 1477 1260 1508 videri
1279 1485 1380 1518 potest
1397 1489 1478 1508 unus
1495 1479 1604 1509 Castor
1620 1478 1668 1508 in-

227 1532 359 1563 sedisse.
403 1531 476 1562 Dici
493 1537 595 1560 tamen
613 1541 740 1570 quoque
758 1536 859 1571 potest
882 1529 1032 1559 insedisse
1056 1529 1174 1559 arboris
1189 1535 1300 1560 trunco
1317 1540 1385 1560 cum
1404 1529 1512 1568 fratre,
1530 1528 1584 1559 sed
1608 1528 1667 1559 hoc

230 1583 392 1613 vulnerato
406 1583 445 1613 ad
464 1582 712 1622 persequendum
732 1581 821 1611 Idam
839 1587 870 1610 et
887 1581 1043 1620 Lynceum
1070 1581 1274 1620 procurrisse.
1324 1580 1421 1610 Porro
1438 1579 1514 1622 δρυὸς
1529 1578 1668 1620 στιλέχει

226 1631 368 1672 impium
384 1633 423 1663 ad
442 1638 576 1663 mentem
592 1638 733 1663 veterum
749 1631 971 1672 accipiendum
990 1632 1060 1669 erit,
1074 1632 1228 1663 insidentes
1242 1637 1344 1662 trunco
1357 1642 1439 1663 cano.

272 1794 346 1823 116.
377 1791 629 1823 Pulcherrimum
654 1792 715 1822 hoc
745 1792 920 1833 episodium

228 1846 314 1870 tanto
332 1842 402 1883 plus
425 1843 588 1872 suavitatis
613 1842 719 1881 habet,
738 1841 820 1882 quod
844 1851 922 1882 pau-

227 1891 353 1920 cissima
383 1899 471 1932 sunt,
505 1903 574 1932 quae
612 1893 771 1933 legentem
808 1891 921 1921 morari

227 1940 356 1979 possint.
382 1939 480 1978 ἥμενον
499 1951 537 1970 an
556 1941 662 1979 ἧμένως
681 1942 775 1982 (forte
792 1942 921 1979 antiquo

229 1998 313 2018 more
333 1988 430 2026 ἧμὶνος
455 1989 534 2031 fuit)
550 1991 717 2031 scribatur,
740 2001 796 2030 per
819 2001 852 2021 se
878 1990 921 2020 nil

229 2038 378 2078 interest3
405 2045 539 2078 utroque
564 2040 645 2069 enim
671 2040 762 2069 modo
787 2050 834 2069 res
852 2049 920 2069 uar-

230 2088 303 2122 rari,
325 2093 357 2118 et
383 2098 454 2118 vero
478 2089 570 2118 etiam
595 2089 677 2129 geri,
706 2089 820 2130 potuit.
864 2089 920 2118 Se-

231 2136 348 2167 debant
379 2138 491 2167 fratres
527 2137 558 2167 in
598 2139 741 2178 insidiis3
783 2137 921 2178 prospici

229 2186 368 2226 potuita
390 2186 515 2225 Lynceo
545 2192 665 2218 tantum
696 2199 775 2219 unus
799 2195 831 2218 et
860 2188 922 2218 telo

230 2235 388 2276 transfigi.
448 2234 659 2276 Apollodorus
694 2248 748 2277 pro
787 2244 922 2276 utroque

230 2284 352 2315 laudari
382 2290 504 2325 poterat
533 2285 589 2317 lib.
611 2286 658 2317 iii.
678 2290 729 2324 11,
746 2288 777 2317 2.
798 2286 840 2318 cf.
858 2286 922 2316 No-

230 2340 277 2363 tas
297 2345 326 2374 p.
345 2335 419 2365 733.
448 2333 509 2364 Illa
525 2342 643 2374 autem,
658 2333 734 2377 δρυός
748 2335 773 2364 ἰν
785 2334 925 2374 στελίχει

230 2380 327 2421 ἥμενον
339 2380 518 2421 εἷναι,1ιειηά
541 2383 636 2414 dubie
658 2394 677 2414 a
706 2384 864 2414 veteribus
882 2386 925 2414 ita

229 2437 361 2472 accepta
377 2438 461 2472 sunt,
478 2440 513 2462 ut
536 2432 619 2462 intra
641 2443 753 2462 cavum
777 2437 923 2463 truncum

231 2482 262 2511 in
280 2482 402 2512 insidiis
417 2483 566 2513 latentem
578 2482 738 2514 Castorem
755 2487 808 2512 aut
823 2482 923 2512 solum

230 2537 285 2561 aut
314 2542 384 2562 cum
418 2531 548 2561 Polluce
572 2531 716 2571 Lynceus
749 2531 925 2572 dispexerit

230 2580 341 2611 oculis.
387 2580 549 2611 Oruarunt
564 2587 667 2612 tamen
693 2582 771 2612 etin
790 2581 922 2612 miracu-

231 2630 295 2660 lum
327 2636 489 2660 mutarunt
513 2632 658 2670 seriores,
681 2631 841 2670 Lynceum
870 2641 924 2670 per

229 2685 368 2710 truncum
392 2679 561 2720 dispexisse
585 2680 741 2711 sedentes.
785 2679 922 2711 Pausau.

231 2729 273 2760 iv.
304 2730 335 2760 2.
358 2729 515 2770 Lynceus,
540 2728 567 2759 ὃν
591 2729 645 2769 ἔφη
669 2728 807 2772 Πίνδαρος
836 2728 926 2763 οὕτως

225 2775 277 2814 5ξῦ
316 2776 392 2820 ὖξᾷῡ,
422 2777 458 2813 ὦς
501 2779 554 2810 καὶ
592 2778 640 2812 διὰ
668 2779 832 2820 στελέχους
861 2779 926 2821 ὃρᾷν

976 1790 1101 1833 Beue-7205.
1163 1790 1267 1821 Schol.
1305 1790 1342 1819 ad
1382 1789 1468 1821 Plut.
1508 1789 1670 1830 Aristoph-

978 1843 1052 1872 210.
1068 1840 1116 1881 (in
1136 1840 1261 1879 Fragm.
1285 1839 1380 1871 Pind.
1408 1838 1525 1879 cxxx.)
1539 1838 1671 1869 τοιοῦτον

977 1888 1005 1919 δί
1020 1888 1242 1927 ὄξυιιπὲστιτος
1262 1885 1305 1927 ἦν,
1318 1888 1355 1922 ὦς
1370 1888 1423 1918 καὶ
1438 1887 1469 1918 δι’
1486 1888 1596 1921 {hiens
1610 1886 1673 1918 ἰδεῖν

980 1940 1131 1979 Κάστορι,
1147 1936 1378 1977 δολοφονήσαντα
1391 1938 1473 1978 (cnm
1488 1938 1573 1968 vellet
1595 1939 1671 1968 occi-

977 1990 1054 2025 dere,
1084 1987 1324 2027 δολοφονῆσοντα)
1358 1987 1404 2017 τον
1436 1985 1559 2026 ἆὸιλφδν
1585 1987 1671 2028 (scil.

978 2037 1106 2077 Lyncei,
1119 2037 1237 2079 Idam),
1252 2037 1288 2071 ὥς
1306 2044 1374 2076 φησι
1392 2036 1543 2079 Πίνδαρος.
1589 2037 1625 2066 In
1642 2049 1670 2070 v.

978 2090 1051 2120 120.
1083 2089 1150 2117 sine
1175 2088 1374 2118 cunctatione
1399 2094 1464 2117 erat
1495 2086 1671 2117 rescriben-

977 2137 1070 2169 dum:
1103 2136 1156 2167 καὶ
1178 2136 1262 2176 μέγα
1287 2137 1370 2180 ’ἔργον
1390 2136 1527 2175 ἐμήσαντ’
1552 2136 1670 2170 minim:

977 2187 1098 2217 scilicet
1114 2187 1284 2227 Apharetis
1302 2187 1452 2223 filii,Idas
1469 2193 1500 2216 et
1517 2186 1672 2226 Lynceus,

977 2243 1160 2267 occurrentes
1174 2236 1212 2267 ad
1237 2236 1395 2275 arborem,
1410 2236 1572 2267 Castorem
1591 2236 1670 2266 inte-

980 2292 1152 2320 remerunt,
1175 2296 1214 2315 ex
1233 2296 1264 2319 v.
1285 2289 1355 2317 112.
1374 2293 1404 2316 et
1420 2285 1512 2316 iidem
1537 2285 1672 2316 invicem

976 2345 1065 2377 grave
1087 2336 1193 2366 malum
1215 2337 1337 2376 perpessi
1350 2334 1519 2371 sunt,Jovis
1539 2336 1670 2366 numine.

980 2385 1108 2415 Dictum
1127 2385 1300 2415 secundum
1319 2384 1373 2414 illa
1388 2383 1468 2414 δεινόν
1482 2396 1511 2414 τι
1521 2384 1608 2414 ποιεῖν
1622 2382 1674 2413 καὶ

980 2434 1126 2474 πάσχειν.
1144 2445 1172 2463 v.
1191 2434 1285 2465 N.iv.
1298 2434 1352 2470 51,
1365 2435 1417 2465 52.
1461 2432 1543 2463 Nam
1560 2433 1673 2463 Pollux

978 2484 1165 2524 insequutus
1182 2495 1235 2514 eos
1260 2489 1307 2514 est
1329 2486 1402 2523 122,
1428 2484 1500 2514 123.
1546 2487 1610 2512 tum
1629 2481 1674 2512 illi

980 2534 1188 2564 constiterunt
1203 2540 1233 2563 et
1251 2540 1435 2573 pugnarunt
1451 2542 1522 2561 cum
1541 2531 1672 2562 Polluce

980 2582 1019 2612 ad
1049 2582 1218 2622 Apharetis
1243 2582 1341 2622 patris
1365 2581 1519 2611 tumulum
1545 2594 1551 2612 ε
1590 2580 1673 2610 unde

981 2637 1100 2672 raptam
1127 2632 1304 2661 columnam
1324 2631 1354 2660 in
1382 2631 1541 2661 Pollucem
1565 2630 1671 2669 conje-

981 2687 1112 2717 cerunt,·
1144 2686 1176 2709 at
1197 2683 1271 2712 128.
1305 2680 1358 2710 ille
1382 2680 1540 2720 Lynceum
1561 2679 1670 2719 jaculo

981 2730 1110 2772 trajicit,
1140 2735 1172 2760 et
1196 2730 1328 2761 fulmine
1349 2730 1514 2773 interjecto
1544 2740 1565 2762 a
1589 2729 1670 2762 Jove

981 2779 1055 2811 Idas
1071 2779 1153 2810 ictus
1169 2779 1265 2811 cadit.
