1877 3137
809 594 1160 652 ΙΣΘΜΙΑ.

870 780 1018 814 ΕΙΔΟΣ
1046 779 1085 814 δ’.

432 941 575 1003 ΤΩ
630 942 924 1005 ΑΥΤΩ
982 940 1525 1016 ΜΕΛΙΣΣῼ.

782 1318 1094 1356 ARGUMENT
1101 1318 1194 1356 UM.

261 1436 446 1479 LAUDEs
467 1435 667 1492 majorum
691 1434 874 1486 Melissi3
898 1460 954 1465 —
975 1439 1042 1475 24.
1072 1435 1206 1477 fatum
1239 1435 1374 1490 gentis
1407 1435 1619 1477 adversum
1650 1449 1702 1477 ex

262 1494 376 1535 clade
397 1496 438 1535 in
457 1494 599 1549 praelio
619 1499 805 1548 accepta.
823 1518 882 1523 —-
903 1496 972 1533 28.
1004 1492 1088 1533 Sed
1108 1493 1325 1534 obscurata
1343 1492 1442 1534 hinc
1462 1493 1573 1533 fama
1592 1506 1704 1534 nunc

262 1553 305 1593 in
337 1551 508 1592 Melisso
539 1551 689 1592 iterum
719 1549 915 1591 elucescit
945 1549 1155 1591 victoriam
1187 1550 1455 1592 Isthmiacam
1480 1549 1704 1605 adepto.—

260 1615 332 1651 41.
364 1608 473 1650 Clari
503 1609 626 1650 etiam
650 1607 822 1664 majores
844 1607 1162 1658 certaminibus3
1195 1622 1334 1649 verum
1356 1608 1469 1649 nulla
1489 1607 1537 1648 iis
1556 1607 1705 1662 obtigit

259 1667 428 1708 victorIa
447 1681 469 1707 e
489 1666 718 1721 periodicis.
740 1691 798 1697 ——
819 1668 871 1713 57
879 1696 891 1712 .,
920 1664 1060 1706 Etiam
1091 1667 1215 1706 fortes
1245 1665 1318 1706 viri
1348 1671 1520 1721 possunt
1549 1663 1704 1706 vincia

259 1724 551 1774 deterioribu83
583 1724 693 1778 quod
725 1721 863 1778 Ajacis
893 1723 1132 1778 exemplum
1155 1723 1289 1775 docet,
1321 1722 1393 1778 qui
1431 1721 1579 1777 Ulysse
1596 1722 1703 1763 infe-

258 1782 340 1824 rior
368 1782 449 1823 fuit
461 1796 473 1832 3
496 1807 554 1811 ——
572 1786 642 1822 62.
688 1780 804 1822 Idem
845 1787 984 1822 tamen
1020 1782 1173 1822 famam
1210 1780 1484 1822 immortalem
1528 1778 1705 1821 Homeri

259 1839 441 1881 carmine
464 1844 741 1893 consequutus
762 1845 838 1879 est.
859 1864 919 1869 —
940 1844 959 1885 7
969 1843 1009 1879 2.
1041 1838 1182 1879 Gloria
1198 1838 1390 1880 carminis
1403 1837 1527 1878 etiam
1550 1837 1702 1879 Melis-

260 1912 307 1937 so
327 1897 499 1938 debetur
520 1896 661 1937 victori
682 1896 906 1951 pancratio,
932 1895 1007 1936 etsi
1029 1902 1181 1936 statura
1202 1910 1284 1936 non
1306 1895 1407 1937 adeo
1426 1908 1614 1949 procera3
1646 1893 1702 1934 si-

261 1955 371 1995 milis
407 1954 450 1995 in
481 1954 559 1994 hoc
591 1953 779 2005 Herculi,
805 1953 875 2008 qui
896 1959 1036 1994 tamen
1063 1953 1265 1994 Antaeum
1291 1952 1401 1994 vicit.
1422 1976 1479 1983 -
1500 1956 1569 1993 93.
1599 1949 1702 1991 Inde

258 2010 454 2066 digressio
475 2012 526 2054 de
548 2011 731 2054 Hercule
748 2017 790 2053 et
811 2011 859 2053 de
880 2010 1032 2052 inferiis
1053 2024 1077 2051 a
1096 2009 1305 2052 Thebanis
1321 2009 1542 2066 quotannis
1562 2008 1601 2050 ei
1621 2008 1702 2050 fer-

259 2067 295 2109 ri
314 2070 457 2111 solitis.

805 2217 857 2258 Σ.
889 2214 930 2256 ίι.
990 2217 1044 2255 Κ.
1075 2213 1112 2257 ι’.

486 2324 660 2407 ΕΣΤΙ
684 2355 761 2401 μοι
790 2335 899 2383 θεῶν
927 2331 1055 2385 ἕκατι

485 2415 646 2485 Μυξῖα
666 2419 818 2466 παυς-ἆ
839 2413 1070 2475 κέλευθος,

306 2560 427 2600 Supple
446 2559 477 2589 in
493 2559 586 2589 titulo
599 2558 767 2588 carminis:
794 2555 987 2598 παγκρατίῳ.
1007 2556 1062 2587 inf.
1085 2560 1139 2587 75.
1168 2535 1295 2586 Maucxm
1314 2556 1405 2595 sequi
1418 2555 1570 2586 Aldinum
1588 2566 1700 2586 exem-

263 2612 344 2653 plar,
360 2622 422 2651 qno
439 2612 641 2641 continuatur
657 2610 716 2640 hoc
732 2619 858 2640 carmen
874 2608 982 2638 eodem
1001 2616 1106 2638 tenore
1122 2619 1191 2638 cum
1207 2608 1425 2647 antecedente,
1437 2607 1587 2648 scriptum
1601 2608 1700 2638 eidem

308 2733 337 2760 1.
353 2726 426 2757 θιίὖν
435 2726 534 2766 ἕκατι,
547 2727 664 2756 deorum
673 2725 806 2766 beneficio
817 2724 954 2766 etfavore
1010 2721 1137 2754 isc-ahons
1161 2734 1220 2752 σου.
1258 2728 1291 2751 ut
1317 2731 1411 2762 saepe,
1436 2733 1464 2750 v.
1491 2732 1519 2753 c.
1547 2721 1636 2754 Nem.
1659 2721 1703 2752 vi.

262 2776 296 2806 in
312 2782 396 2807 tuam
413 2782 552 2816 gentem,
566 2775 630 2815 ἐ’χω
643 2773 776 2815 ἀφορμὰς
786 2771 905 2808 πολλὰς
917 2771 954 2806 εἷς
1011 2772 1065 2803 75.
1076 2778 1107 2802 et
1122 2771 1178 2801 inf.
1192 2771 1304 2802 Isthm.
1323 2771 1363 2801 vi.
1375 2771 1431 2802 31,
