1877 3137
698 225 728 265 P
745 224 779 264 R
797 223 849 264 [Ε
867 189 1000 263 F⁵AT
1021 220 1106 260 10.
1478 217 1608 257 xxxix

177 359 347 397 liotheca
380 355 613 394 Monasterii
646 354 741 391 Ord.
776 351 981 390 Benedict.
1009 351 1056 387 B.
1084 347 1221 385 Mariae
1249 346 1465 383 Pindarum
1516 357 1607 383 cum

176 421 333 457 scholiis
368 420 466 455 Saec.
502 418 584 453 xiii.
617 416 827 463 scriptum:
868 411 1023 449 Patavii
1054 409 1295 447 bibliotheca
1322 407 1610 444 Theatinorum

177 480 382 529 Olympia:
427 477 645 514 Mediolani
682 475 945 511 Ambrosiana
982 472 1135 508 codices
1174 474 1302 506 servat
1335 469 1471 505 saltem
1505 474 1582 505 tres
1600 484 1610 504 :

177 543 341 579 obscura
360 541 463 576 enim
493 544 599 581 sunt,
624 550 712 586 quae
732 537 779 573 de
807 537 854 572 iis
883 535 1000 571 tradit
1027 531 1380 569 Montfauconius:
1420 536 1459 566 et
1490 532 1612 569 alium

178 604 457 653 bombycinum
498 605 709 637 recentem.
763 598 942 634 Venetiis
963 595 1203 632 bibliotheca
1222 593 1411 629 Grimana
1431 591 1455 615 ἥρ
1490 594 1613 631 alium

178 671 377 701 recentem
395 663 580 699 aCaesare
599 661 780 709 Stratego
809 656 998 706 scriptum
1022 672 1029 693 :
1064 656 1181 705 (vixit
1198 655 1266 692 ille
1283 655 1413 691 medio
1434 655 1530 691 Saec.
1550 668 1614 692 xv.

178 726 402 762 Montfauc.
430 724 622 773 Palaeogr.
654 723 722 760 Gr.
750 733 841 771 pag.
862 719 947 768 82.)
971 719 1009 756 S.
1029 718 1154 755 Marci
1175 723 1308 754 autem
1329 728 1422 765 opes
1438 717 1616 755 librariae

181 788 350 836 primum
372 788 519 823 habent
537 787 784 823 chartaceum
803 788 1015 825 recentem,
1037 793 1115 830 quo
1133 779 1334 817 rhetoricis
1352 780 1489 828 graecis
1509 780 1616 817 aliis-

180 861 255 898 que
267 849 474 897 praemissis
490 845 750 894 subjiciuntur
759 845 919 883 Pindari
933 843 1121 892 Olympia
1131 846 1169 878 et
1179 841 1410 888 Pythiorum
1426 852 1512 888 pars
1525 852 1615 877 cum

182 904 339 947 scholiis
353 910 517 946 Thomae
536 909 720 959 Magistri
740 913 779 944 et
798 905 997 943 Manuelis
1016 902 1281 951 Moschopuli‚
1297 913 1384 949 quae
1404 915 1426 938 a
1445 902 1618 951 vulgatis

182 983 264 1007 non
286 971 653 1016 diversavidentur3
676 970 754 1005 duo
776 969 871 1004 alios
889 967 1111 1003 chartaceos
1128 969 1302 1000 recentes
1315 964 1407 1000 Saec,
1420 964 1501 1000 xiv.
1521 976 1618 1012 quo-

181 1044 267 1069 rum
283 1033 380 1069 alter
395 1032 581 1080 Olympia
596 1037 635 1067 et
653 1031 791 1079 Pythia
805 1028 1099 1076 complectitur;
1123 1030 1282 1074 quartus
1298 1025 1392 1063 Saec.
1406 1038 1474 1063 xv.
1492 1038 1618 1062 mem-

181 1095 405 1137 branaeeus,
442 1093 703 1141 Aristophane
732 1092 947 1141 praemisso,
969 1088 1128 1125 Pindari
1169 1087 1368 1136 Olympia,
1404 1087 1547 1135 Pythia
1581 1093 1620 1125 et

181 1157 334 1194 Nemea
353 1169 443 1193 cum
463 1156 621 1193 scholiis
642 1156 682 1192 in
714 1155 893 1203 margine
915 1157 968 1199 †;
1012 1152 1176 1199 quintus
1210 1149 1372 1186 tandem
1409 1150 1503 1187 Saec.
1537 1150 1620 1187 xiv.

184 1219 409 1255 chartaceus
429 1230 519 1254 cum
548 1218 735 1266 Oppiano
762 1215 949 1264 Olympia
980 1213 1153 1256 exhibet,
1175 1211 1334 1248 scholiis
1352 1212 1505 1255 iisdem,
1536 1223 1621 1260 quae

184 1291 301 1328 supra
317 1279 547 1322 memoravi,
566 1278 845 1315 recentioribus
864 1277 1092 1312 instructus.
1147 1273 1209 1310 De
1228 1274 1371 1321 quibus
1390 1273 1623 1322 Theupolus

184 1342 377 1378 videndus
395 1344 428 1388 ἶ.

238 1402 286 1439 In
308 1402 574 1439 Escurialensi
590 1400 831 1438 bibliotheca
850 1400 1080 1442 Pindarum,
1102 1410 1193 1434 cum
1209 1397 1486 1447 Lycophrona,
1505 1398 1624 1434 Com-

186 1465 387 1500 mentariis
408 1465 661 1507 instructum,
692 1463 812 1499 latere
838 1460 1170 1499 Montfauconius
1200 1465 1343 1496 narrat.
1399 1460 1629 1495 Accuratius

187 1527 331 1564 tradita
356 1532 607 1575 expectamus
627 1540 650 1563 a
670 1527 863 1562 Michaele
896 1526 1031 1561 Casiri.
1063 1523 1237 1573 (Codicis
1270 1522 1458 1560 Biblioth.
1488 1523 1627 1573 Regiae

187 1590 432 1626 Matritensis
449 1590 750 1637 descriptionem
767 1588 873 1624 dedit
894 1588 1031 1624 Iriarte
1050 1598 1086 1634 p.
1104 1586 1197 1621 445.
1216 1584 1318 1633 sqq.)

244 1651 409 1687 Codices
430 1650 664 1686 Bodleianos
684 1651 856 1698 quinque
885 1648 989 1697 apud
1016 1646 1266 1684 Oxonienses
1289 1643 1374 1692 jam
1393 1659 1509 1695 supra
1529 1659 1626 1683 enu-

191 1713 351 1749 meravi.
406 1712 525 1747 Nunc
547 1713 619 1748 hoc
638 1723 763 1747 unum
786 1709 940 1752 addam,
969 1708 1156 1745 Codicem
1187 1710 1236 1745 ab
1266 1709 1564 1745 Oxoniensibus
1585 1709 1629 1745 C.

193 1773 253 1811 71.
307 1772 383 1810 Ms.
403 1774 617 1823 signatum,
638 1784 720 1809 uno
741 1784 830 1808 cum
852 1771 985 1807 codice
1004 1783 1043 1814 α,
1065 1770 1172 1806 Guil.
1195 1769 1325 1806 Laudi
1344 1782 1508 1807 munere
1529 1769 1629 1807 inter

191 1925 359 1957 Pindarum
374 1937 442 1957 cum
459 1925 588 1956 Scholiis
603 1936 673 1956 saec.
692 1929 726 1954 ut
742 1930 866 1964 putant,‘
878 1923 941 1954 xiv.
957 1924 1173 1964 perscriptum,
1191 1925 1386 1954 chartaceum
1403 1929 1520 1965 tamen,
1535 1925 1631 1956 sein-

191 1977 344 2018 spexisse,
361 1977 468 2007 litteris
482 1977 555 2007 mihi
572 1976 730 2006 mandavit
741 1977 770 2006 b.
783 1975 948 2006 Siebenkees
960 1975 1052 2006 Febr.
1068 1986 1117 2006 xc.
1132 1975 1274 2016 scrip1i53
1297 1975 1463 2006 convenire
1480 1987 1550 2006 eum
1567 1977 1632 2007 fere

192 2039 260 2058 cum
277 2029 327 2059 ed.
354 2028 451 2059 Basil.
475 2029 616 2068 adeoque
631 2037 701 2057 cum
719 2026 848 2058 Aldina.

236 2082 254 2101 *Ξ
281 2079 370 2110 Falso
394 2080 452 2109 hoc
476 2080 569 2117 tradi,
592 2079 699 2109 docuit
723 2089 770 2108 me
794 2077 981 2117 Morellius3
1012 2077 1071 2107 fuit
1093 2077 1144 2107 ille
1169 2083 1345 2108 asservatus
1359 2077 1430 2108 olim
1455 2077 1486 2108 in
1509 2077 1631 2109 Biblio-

194 2131 283 2161 theca
299 2130 352 2161 SS.
373 2130 424 2161 J0.
447 2137 479 2160 et
498 2129 619 2160 Paulli:
651 2130 831 2160 Montfauc.
854 2129 886 2160 in
909 2129 1018 2159 Diario
1041 2128 1116 2159 Ital.
1142 2140 1172 2170 p.
1201 2132 1254 2160 48.
1277 2129 1356 2160 etin
1372 2129 1523 2161 Biblioth.
1549 2129 1631 2161 Mss.
1651 2124 1655 2135 ¹

197 2192 268 2223 pag.
288 2185 365 2213 479.
412 2181 562 2222 Migravit
582 2182 655 2211 iude
669 2181 708 2210 ‘in
726 2180 954 2212 Bibliothecam
972 2180 1005 2212 S.
1025 2180 1139 2211 Marci.

235 2235 258 2270 †
289 2232 477 2262 Nemeorum
494 2242 555 2262 non
571 2233 629 2262 nisi
652 2232 730 2262 Odae
746 2236 876 2272 quatuor
891 2232 1007 2273 priores
1031 2237 1150 2262 extant.
1194 2231 1319 2263 Scholia
1335 2236 1407 2263 sunt
1420 2232 1546 2273 antiqua
1562 2243 1635 2264 auc-

194 2283 272 2313 tiora
289 2283 429 2323 vulgatis,
444 2288 520 2314 teste
537 2283 692 2315 Morellio.

238 2339 253 2373 ‡
278 2335 395 2365 Omnes
412 2335 442 2364 hi
460 2336 587 2365 fuerunt
602 2335 675 2365 olim
704 2334 898 2365 Bessarionis
923 2334 1017 2366 card.
1062 2334 1204 2366 Accessit
1230 2340 1349 2376 postea,
1364 2336 1447 2376 quod
1465 2346 1512 2365 me
1528 2336 1635 2367 docuit

195 2388 364 2418 humaniss.
383 2387 452 2419 Jac.
475 2388 649 2427 Morellius,
666 2389 764 2419 codex
789 2387 921 2428 Strategi
938 2387 1041 2427 paullo
1056 2394 1126 2418 ante
1147 2393 1352 2425 memoratus;
1382 2393 1465 2418 etex
1490 2387 1636 2419 biblioth.

196 2438 250 2470 SS.
272 2439 323 2470 Jo.
347 2445 376 2469 et
393 2439 493 2470 Paulli
510 2439 588 2470 alius
605 2441 673 2471 cod.
696 2440 794 2470 chart.
811 2449 879 2469 saec.
898 2439 959 2469 xvi.
973 2439 1025 2479 qui
1042 2438 1192 2480 Olympia
1208 2446 1238 2468 et
1255 2439 1435 2478 Pythiorum
1453 2439 1539 2469 Odas
1556 2450 1635 2480 qua-

196 2497 266 2520 tuor
279 2490 344 2520 sine
361 2490 490 2521 Scholiis
503 2491 657 2523 continet.
706 2490 871 2532 Specinien
901 2490 994 2521 variae
1011 2491 1153 2521 lectionis
1176 2501 1213 2520 ex
1236 2491 1273 2521 iis
1296 2491 1388 2521 codd.
1412 2490 1542 2532 Olymp.
1569 2501 1638 2522 car-

197 2541 287 2571 minis
304 2542 394 2581 primi
411 2551 438 2572 a.
460 2553 508 2573 xc.
534 2543 572 2572 ad
590 2553 637 2573 me
661 2542 745 2572 misit
766 2543 850 2572 idem
868 2541 914 2571 vir
934 2541 1081 2582 optimus,
1104 2541 1297 2572 humanitate
1320 2542 1401 2572 inter
1424 2542 1504 2572 viros
1527 2543 1636 2574 doctos

196 2590 358 2632 insigniter
380 2593 530 2629 eminens,
553 2595 634 2635 quod
661 2593 755 2624 fidem
781 2593 854 2624 facit
881 2592 933 2632 iis,
947 2603 1016 2633 quae
1033 2594 1072 2623 de
1088 2594 1196 2623 horum
1222 2593 1364 2624 codicum
1385 2603 1439 2623 usu
1459 2593 1635 2634 suspicatus

198 2654 292 2677 cram.
338 2645 454 2677 Docuit
469 2657 516 2677 me
531 2647 614 2677 idem
631 2647 676 2678 vir
690 2647 814 2682 doctus,
827 2646 981 2677 immerito
996 2657 1044 2677 me
1066 2646 1227 2688 Theupolo
1252 2646 1395 2677 tribuisse
1411 2655 1550 2686 operam,
1566 2657 1636 2687 quae

197 2692 336 2725 Antonio
351 2695 501 2728 Zannetio
518 2703 549 2729 et
564 2697 701 2729 Antonio
719 2697 957 2739 Bongiovannio
972 2698 1005 2729 in
1019 2697 1168 2738 catalogo
1182 2697 1306 2728 Mss.S.
1322 2697 1426 2729 Marci
1438 2696 1634 2729 conficiendo

198 2744 339 2777 debetur.
