1877 3137
261 236 301 275 vi
775 233 1184 280 PRAEFATIO.

260 371 378 410 rem,
402 359 610 417 autquae
629 356 730 418 ipse
747 354 1020 403 difficiliora
1035 372 1137 404 esse
1156 362 1205 403 et
1223 357 1503 406 obscuriora
1533 375 1691 409 sense-

259 444 379 476 ram.
444 429 501 475 ln
521 429 595 476 his
616 429 813 492 quidem
840 420 1083 492 postremo
1106 431 1215 477 loco
1236 434 1511 480 memoratis
1528 436 1687 482 visum

258 511 328 551 est
350 506 526 552 versari
544 506 627 560 sic,
653 512 718 560 ut,
741 507 926 568 quoties
949 506 1163 553 viderem
1186 523 1380 554 manere
1402 511 1687 559 sententiam

256 580 551 640 ambiguam,
575 595 665 626 nec
688 595 790 625 rem
807 579 867 625 ad
882 580 1122 642 liquidum
1140 581 1338 643 perduci
1355 598 1506 645 posse,
1533 585 1689 631 varios

255 655 425 701 modos
448 671 753 717 exponerem,
777 655 952 717 quibus
981 658 1218 702 sententia
1245 658 1347 704 erui
1379 674 1434 704 ac
1460 660 1686 706 constitui

252 736 433 791 posset;
460 729 550 775 hoc
569 730 696 775 enim
710 728 857 774 modo
872 729 995 775 effici
1012 736 1226 791 posse,ut
1238 737 1322 776 aut
1335 732 1438 793 ipse
1450 734 1685 780 veriorem

250 803 485 849 rationem
508 803 772 848 invenirem
788 808 869 847 aut
887 802 947 847 ad
968 817 1072 848 eam
1087 803 1347 850 eruendam
1367 812 1415 850 et
1438 807 1687 854 invenien-

251 876 360 922 dam
388 877 494 922 aliis
517 877 643 921 viam
667 876 918 938 aperirem.
977 876 1110 922 Solet
1134 877 1261 923 enim
1288 878 1487 924 omnino
1511 880 1561 924 in
1580 879 1686 925 her-

252 950 535 996 meneuticis
558 955 604 995 et
626 950 803 995 criticis
819 965 906 995 usu
925 950 1088 996 venire
1106 950 1236 996 idem
1258 951 1388 1013 quod
1407 952 1609 998 medicis
1623 954 1685 999 'in

253 1024 437 1069 morbis
463 1022 730 1077 medendis,
756 1024 841 1069 ubi
861 1025 915 1078 is,
943 1025 1024 1086 qui
1053 1025 1223 1070 ultimo
1247 1025 1354 1071 loco
1377 1032 1588 1082 vocatur,
1612 1042 1684 1072 re-

253 1097 440 1152 mediis,
468 1114 577 1159 quae
594 1098 698 1158 jam
717 1098 778 1143 ab
802 1098 908 1143 aliis
925 1104 1103 1144 tentata
1124 1098 1327 1154 fuerant,
1352 1099 1442 1145 sibi
1468 1100 1683 1155 narratis,

252 1171 453 1226 facilius,
480 1171 722 1217 interdum
751 1187 876 1226 casu,
908 1172 1120 1218 incidere
1144 1178 1298 1234 potest
1321 1173 1370 1218 in
1398 1188 1577 1218 novum
1601 1173 1685 1218 ali-

253 1245 383 1306 quod
420 1244 705 1300 remedinm,
731 1244 859 1307 quod
887 1246 1054 1291 ceteris
1087 1246 1326 1292 salubrius
1353 1247 1428 1291 sit.
1499 1246 1625 1296 Quae
1643 1247 1684 1292 si

251 1319 625 1374 recordaremur,
651 1318 920 1365 modestius
943 1319 1064 1365 forte
1087 1320 1371 1365 sentiremus
1394 1319 1454 1364 de
1478 1319 1685 1366 inventis

252 1394 477 1454 quamvis
509 1393 755 1439 felicibus:
792 1393 883 1438 nisi
921 1393 1051 1438 enim
1091 1393 1172 1439 alii
1209 1399 1316 1439 ante
1356 1408 1443 1438 nos
1478 1393 1685 1453 impedi-

250 1474 411 1512 menta
441 1467 766 1520 removissent,
790 1467 868 1512 via
892 1467 1204 1515 nobislibera
1226 1473 1274 1512 et
1296 1467 1520 1529 expedita
1554 1466 1683 1513 haud

251 1548 395 1595 esset3
434 1542 500 1587 ita
523 1547 707 1603 partem
743 1540 966 1600 gloriolae
1001 1547 1178 1586 nostrae
1214 1540 1343 1586 haud
1379 1541 1610 1600 exiguam
1630 1541 1681 1586 in
1729 1528 1737 1538 “

249 1616 391 1661 rebus
414 1630 498 1660 seu
523 1614 748 1675 gravibus
770 1628 854 1659 seu
871 1613 1078 1659 exilibus
1094 1613 1326 1658 debemus
1351 1613 1570 1667 aliorum,
1596 1614 1680 1675 qui

249 1695 357 1735 ante
381 1705 468 1735 nos
491 1687 660 1735 eadem
682 1693 993 1742 tentaverant,
1031 1687 1288 1733 erroribus.
1362 1687 1579 1731 Omnino
1614 1692 1686 1732 est

250 1765 513 1811 admodum
540 1764 727 1810 diversa
749 1763 962 1809 conditio
981 1763 1099 1823 ejus,
1128 1762 1210 1823 qui
1238 1761 1682 1822 interpretationem

251 1855 364 1884 cum
400 1839 562 1884 critica
596 1837 867 1898 conjungit,
893 1844 939 1882 et
963 1835 1162 1898 quidem
1185 1851 1271 1898 per
1292 1840 1451 1880 totum
1482 1834 1679 1888 librum,

251 1918 298 1958 et
319 1913 436 1973 ejus,
462 1913 547 1974 qui
572 1912 786 1958 criticam
811 1911 962 1956 solam
984 1916 1167 1964 tractat,
1193 1916 1239 1955 et
1263 1907 1538 1962 desultorie,
1564 1907 1682 1953 deli-

250 1986 414 2032 bando
454 2002 563 2048 quae
602 1985 823 2040 voluerit,
851 1991 898 2030 et
937 1983 1240 2030 subsistendo
1275 1983 1324 2028 in
1362 1983 1420 2027 iis
1451 1982 1585 2036 lociS,
1628 1982 1680 2027 in

252 2062 428 2124 quibus
451 2059 638 2121 aliquid
657 2059 802 2105 habet
825 2058 956 2121 quod
974 2058 1139 2104 afferat
1160 2077 1169 2111 ;
1206 2072 1317 2102 cum
1341 2055 1491 2110 alteri,
1517 2055 1556 2100 si
1577 2055 1682 2116 qui-

251 2135 362 2181 dem
390 2134 611 2194 religiose
630 2134 847 2179 officium
872 2133 987 2179 boni
1012 2131 1281 2193 interpretis
1315 2129 1437 2175 tueri
1460 2128 1680 2184 voluerit,

250 2209 504 2256 necessitas
527 2207 751 2269 imposita
771 2208 845 2262 sit,
870 2223 932 2253 ne
952 2206 1070 2269 quid
1094 2204 1295 2259 omittat,
1314 2202 1444 2265 quod
1468 2202 1574 2265 aliis
1592 2203 1681 2248 im-

250 2283 469 2346 peditum
492 2288 538 2327 et
560 2282 823 2327 obscurum
855 2296 955 2327 esse
989 2280 1153 2342 possit.
1225 2278 1459 2338 Magnam
1485 2291 1679 2338 quoque

250 2360 302 2405 in
327 2357 403 2403 his
424 2357 523 2402 vim
548 2355 691 2400 habet
713 2355 815 2416 ipsa
836 2362 965 2409 aetaS,
992 2360 1038 2400 et
1062 2353 1167 2399 fieri
1192 2357 1360 2414 potest,
1385 2356 1440 2396 ut
1462 2356 1681 2396 senectus

250 2432 419 2479 timide
448 2429 654 2476 nimium
679 2434 725 2473 et
755 2435 889 2474 caute
912 2427 1152 2473 molestias
1182 2426 1273 2471 sibi
1298 2425 1500 2486 aliisque
1534 2429 1678 2477 creet,

250 2522 364 2552 cum
395 2505 626 2565 juventus
658 2501 814 2547 calore
853 2502 1062 2562 abrepta,
1094 2515 1204 2561 quae
1239 2499 1397 2561 primo
1428 2497 1677 2542 oculorum

249 2578 489 2640 conjectui
506 2591 556 2622 se
575 2575 865 2630 obtulerunt,
891 2590 978 2637 pro
1002 2573 1141 2619 certis
1156 2579 1203 2618 et
1220 2571 1475 2635 exploratis
1488 2570 1675 2616 habeat.

253 2652 587 2698 Exhilaratum
611 2663 689 2694 me
713 2649 882 2702 sentio,
906 2648 943 2693 si
967 2663 1112 2709 quem
1138 2647 1328 2693 videam
1352 2652 1450 2691 tam
1471 2643 1676 2697 felicem,

252 2732 305 2771 ut
326 2725 385 2771 de
409 2725 541 2770 nulla
562 2738 627 2777 re,
653 2737 796 2784 quam
821 2723 921 2784 ipse
945 2720 1210 2783 protulerit,
1235 2728 1317 2766 aut
1336 2721 1439 2781 ipse
1461 2717 1678 2778 ambigat

255 2806 335 2845 aut
353 2799 414 2844 ab
438 2798 542 2844 aliis
565 2796 744 2857 ambigi
771 2811 906 2858 posse
929 2810 983 2841 ac
1002 2794 1176 2840 debere
1193 2801 1395 2841 censeat.
