1877 3137
700 208 1120 283 PRAEFATlo.
1574 240 1629 280 vii

270 368 499 416 Ceterum
520 367 580 413 de
600 365 794 413 Pindari
820 363 1211 427 interpretatione
1232 363 1432 408 omnino
1456 363 1521 409 ita
1543 369 1631 410 sta-

202 448 310 488 tuo:
347 457 459 487 cum
479 440 576 496 ille,
602 446 655 485 ut
677 439 795 492 dixi,
816 444 944 484 recte
968 437 1065 497 legi
1089 451 1187 482 non
1214 435 1375 496 possit,
1402 437 1492 482 nisi
1518 453 1631 484 cum

201 532 342 570 sensu
361 517 523 579 aliquo
536 515 597 561 ad
613 515 817 577 lyricum
834 514 1059 575 spiritum
1073 515 1398 573 attemperatO,
1409 511 1631 572 spiritum

206 590 345 636 illum
380 588 766 652 interpretatione
786 586 1102 648 grammatica
1123 583 1253 631 haud
1275 582 1425 630 dubie
1443 584 1601 645 frangi
1620 605 1629 641 ;

204 670 461 726 antequam
479 670 637 709 tamen
657 677 768 708 cum
791 677 930 707 sensu
954 661 1045 706 isto
1068 659 1164 719 legi
1188 657 1270 704 ille
1291 657 1456 718 possit,
1478 672 1634 717 gram-

206 737 377 783 matice
411 744 601 800 poetam
626 734 995 797 intelligendum
1030 747 1130 779 esse
1149 752 1158 786 3
1197 730 1378 792 alioqui
1413 730 1635 775 notiones

206 811 445 866 obscuras,
470 811 798 873 phantasmata
811 824 931 870 vaga
944 807 1210 868 effrenique
1233 805 1416 866 impetu
1433 804 1634 858 ruentia,

206 885 326 945 aegri
349 885 549 939 somnia,
570 884 613 930 ei
632 883 797 944 affingi
817 903 826 937 3
864 881 1102 944 expeditis
1125 885 1285 925 autem
1314 878 1386 932 iis,
1412 892 1523 939 quae
1543 877 1638 923 sin-

208 958 445 1017 gularum·
462 957 804 1004 sententiarum
837 954 1206 1016 intelligentiam
1238 950 1474 1014 impedire
1508 957 1640 1012 pote-

209 1036 327 1084 rant,
348 1030 688 1076 instituendam
711 1045 811 1075 esse
834 1029 1030 1075 alteram
1054 1027 1325 1080 lectionem,
1346 1040 1456 1071 cum
1477 1024 1640 1072 fructu

208 1108 256 1147 et
285 1103 524 1166 voluptate
563 1102 740 1165 saepius
776 1102 1117 1165 repetendam;
1158 1101 1223 1146 ita
1255 1097 1449 1144 tandem
1484 1105 1639 1160 poetae

209 1191 350 1222 sensu
373 1193 461 1222 nos
485 1177 594 1222 satis
617 1176 828 1221 imbutos
849 1175 1001 1220 videri
1024 1188 1179 1234 posse.

276 1250 332 1296 In
365 1253 516 1297 varias
550 1255 704 1312 partes
734 1247 1010 1294 trahebatur
1032 1246 1236 1300 animus,
1259 1245 1642 1308 quotiescunque

210 1323 352 1369 lectio
375 1330 421 1370 et
442 1325 606 1370 critica
627 1322 688 1368 ad
713 1337 816 1367 rem
839 1321 1089 1366 metricam
1113 1334 1191 1364 me
1220 1319 1435 1366 vocabat.
1509 1320 1642 1366 Bene

211 1411 560 1459 perspexeram,
586 1397 637 1442 in
662 1395 872 1442 Pindaro
890 1395 965 1441 vel
989 1393 1200 1439 maxime
1225 1407 1330 1438 eam
1361 1407 1461 1438 esse
1484 1408 1645 1439 neces-

210 1472 397 1525 sariam,
415 1470 684 1531 refugiebat
701 1476 860 1514 tamen
883 1468 1087 1522 animus,
1111 1466 1296 1528 quoties
1312 1465 1373 1512 ad
1393 1482 1498 1512 eam
1513 1482 1646 1514 acce-

212 1543 324 1590 dere
342 1545 678 1590 constitueram
699 1564 709 1597 ;
745 1542 971 1588 videbam
988 1538 1134 1595 enim,
1151 1555 1255 1586 rem
1272 1555 1372 1587 esse
1392 1556 1504 1602 quae
1524 1542 1644 1587 mul-

214 1623 317 1663 tum
342 1619 425 1664 otii
453 1625 499 1663 et
519 1618 664 1663 studii
688 1618 780 1663 sibi
804 1617 1091 1679 postularet3
1125 1622 1172 1661 at
1189 1616 1395 1662 alterum
1418 1616 1538 1662 mihi
1564 1617 1645 1663 de-

215 1698 327 1746 erat,
361 1692 576 1746 alterum,
610 1698 775 1754 utpote
806 1692 857 1737 in
890 1691 1166 1737 subtilitatis
1201 1706 1377 1752 genere
1414 1693 1642 1753 positum,

215 1765 346 1828 quod
370 1779 477 1811 cum
504 1766 646 1811 rebus
666 1766 783 1827 ipsis
808 1772 854 1811 et
875 1764 1125 1810 sententiis
1147 1779 1318 1826 parum
1356 1764 1501 1810 habet
1533 1781 1645 1827 cog-

215 1839 434 1894 nationis,
459 1840 519 1884 ab
542 1839 740 1900 ingenio
756 1854 866 1884 meo
889 1839 970 1884 vix
990 1844 1275 1901 extorquere
1298 1845 1531 1901 poteram.
1567 1840 1645 1886 In-

213 1920 339 1958 certa
376 1913 597 1959 videbam
637 1920 868 1975 praeterea
904 1913 1158 1975 pleraque:
1200 1913 1261 1959 ab
1292 1913 1646 1975 antiquioribus

213 1986 332 2032 nihil
359 1986 420 2032 ad
443 2002 529 2032 nos
553 1986 612 2033 de
634 1986 721 2032 hac
745 1986 962 2032 doctrina
988 2001 1219 2041 manasse,
1244 2002 1305 2032 ne
1335 1987 1395 2033 ab
1435 1986 1648 2034 Alexan-

213 2059 288 2106 dri
296 2061 366 2106 nis
385 2060 581 2122 quidem
601 2081 610 2115 3
639 2061 722 2123 qui
737 2067 914 2115 tamen,
932 2066 1167 2123 quantum
1184 2076 1425 2122 assequor,
1446 2061 1538 2123 ipsi
1556 2078 1645 2109 nec

215 2134 428 2180 studium
453 2135 521 2180 rei
545 2135 758 2181 metricae
782 2135 998 2197 antiquae
1032 2149 1122 2180 nec
1150 2135 1367 2181 notitiam
1403 2134 1644 2192 habuere3

217 2222 273 2252 ea
289 2214 462 2263 autem,
489 2224 600 2270 quae
621 2225 649 2254 a
670 2209 928 2255 serioribus
945 2208 1269 2270 grammaticis
1289 2208 1499 2269 profecta
1520 2215 1646 2265 sunt,

217 2296 341 2326 nova
369 2295 469 2328 esse
497 2290 784 2338 commenta,
826 2282 1108 2329 nominibus
1141 2298 1197 2328 ac
1221 2283 1422 2331 vocibus
1448 2283 1645 2345 pedum,

214 2371 438 2402 versuum
473 2363 522 2403 et
554 2363 817 2403 metrorum
848 2357 1124 2410 obscurata;
1176 2357 1504 2419 antiquiorum
1543 2373 1647 2404 rem

215 2430 463 2476 metricam
485 2432 793 2492 conjunctam
815 2430 959 2476 fuisse
976 2446 1087 2476 cum
1110 2432 1294 2477 musica
1315 2438 1361 2477 et
1383 2431 1645 2487 saltatione,

217 2502 572 2566 chororumque
593 2504 735 2550 variis
758 2505 1043 2566 generibus3
1086 2505 1330 2551 enimvero
1354 2504 1460 2551 haec
1484 2506 1647 2552 omnia

217 2574 424 2636 ignorari
442 2597 455 2633 3
479 2592 626 2639 porro
649 2577 807 2625 choris
825 2571 880 2626 ea
895 2577 1068 2624 tradita
1083 2578 1228 2625 fuisse
1243 2579 1346 2626 sine
1367 2585 1645 2636 metrorum,

216 2665 303 2712 per
326 2652 516 2708 litteras,
541 2654 739 2715 signave
762 2662 843 2701 aut
859 2653 1070 2710 nomina,
1090 2656 1372 2717 praescripto
1393 2675 1403 2710 ;
1440 2654 1523 2700 sed
1542 2656 1646 2702 solo

218 2727 439 2789 exemplo
462 2729 721 2789 praeeuntis
744 2736 900 2792 poetae
924 2736 971 2775 et
993 2728 1188 2790 choragi
1214 2750 1224 2783 ;
1260 2729 1392 2791 atqui
1431 2744 1500 2783 ea,
1532 2745 1646 2790 quae

216 2799 316 2850 solo
332 2801 582 2850 oculorum
596 2805 885 2866 auriumque
899 2819 1040 2851 sensu
1054 2804 1280 2864 cognosci
1295 2809 1419 2851 recte
1432 2810 1644 2866 possunt,
