1877 3137
646 235 1079 279 PRAEFATIO.
1490 235 1626 277 xxxvii

191 365 384 414 inprimis,
414 365 633 401 orationem
666 362 1000 412 locupletandam,
1030 361 1077 397 ad
1107 359 1359 397 excitandum
1390 373 1433 397 ac
1466 361 1625 411 fingen-

188 427 284 463 dum
305 425 658 473 instruendumque
686 425 925 473 ingenium3
966 423 1112 458 factam
1136 426 1265 457 autem
1293 418 1378 466 jam
1406 423 1625 458 versionem

187 489 307 524 etiam
328 487 483 523 consuli
504 492 606 523 recte
626 498 739 534 posse
769 487 817 522 ab
847 498 907 528 eo,
938 485 1005 533 qui
1037 485 1164 531 ipsum
1197 488 1353 531 poetam
1385 482 1505 531 legat,
1539 495 1627 531 par-

188 549 261 588 tim
291 550 331 585 in
365 549 532 597 singulis
568 549 689 593 locis3
730 548 761 584 si
796 547 912 583 modo
942 548 1026 594 ipsa
1059 551 1185 594 poetae
1218 545 1417 581 sententia
1445 557 1628 592 expressa

184 611 252 653 -sit,
285 622 364 647 non
384 610 472 653 alia,
493 614 538 646 ut
570 622 671 658 saepe
698 609 756 651 fit,
777 609 817 645 in
846 605 930 654 ejus
963 607 1094 643 locum
1127 608 1367 651 substituta3
1408 606 1550 653 partim
1578 606 1626 642 ad

187 672 308 708 totius
328 672 512 708 carminis
533 676 768 708 structuram
803 675 915 706 tanto
947 669 1103 705 facilius
1124 668 1436 717 perspiciendam
1455 685 1464 714 3
1499 669 1626 704 lineas

186 744 341 781 quoque
370 738 408 769 et
436 733 617 769 umbram
648 733 785 769 formae
815 735 1072 779 assequentur
1102 731 1192 766 inde
1223 730 1304 773 alii,
1326 730 1468 778 quibus
1500 729 1626 766 Vene-

187 805 268 830 rem
298 795 422 843 ipsam
452 795 557 831 haud
584 794 714 830 videre
748 794 930 838 licuerit3
971 793 1036 829 sed
1066 792 1164 835 fore,
1194 797 1238 828 ut
1266 791 1472 839 populares
1503 792 1627 827 nostri

187 855 349 892 Pindari
368 862 530 905 gustum
559 856 677 893 talem
707 856 799 892 inde
828 855 998 903 capiant,
1032 866 1110 902 quo
1139 854 1202 889 vel
1223 854 1520 889 admirationem
1542 850 1626 899 ejus

187 919 250 955 vel
267 931 438 955 amorem
457 919 698 966 concipiant,
721 918 937 954 admodum
966 916 1117 952 dubito.
1175 914 1232 951 Ut
1253 916 1361 951 enim
1381 920 1538 963 poetam
1562 916 1622 951 in-

186 980 356 1028 telligas,
386 980 564 1027 antiquas
594 980 742 1016 litteras
771 979 905 1015 animo
931 978 1156 1026 complecti,
1190 989 1329 1029 rerum?
1353 990 1376 1013 a
1403 982 1519 1025 poeta
1539 989 1624 1024 per-

186 1045 438 1077 tractatarum
460 1042 667 1079 notionem
689 1041 845 1083 habere,
866 1040 1021 1077 fabulas
1041 1045 1079 1076 et
1099 1040 1294 1081 historias,
1316 1040 1356 1075 in
1379 1039 1522 1087 quibus
1541 1051 1626 1076 ver-

185 1108 305 1146 satur,
325 1109 458 1140 tenere
479 1115 635 1140 necesse
655 1109 736 1139 est:
781 1115 868 1151 quae
899 1102 1034 1139 omnia
1062 1102 1129 1150 qui
1158 1101 1289 1144 habet,
1311 1102 1343 1136 is
1371 1101 1500 1148 ipsum
1531 1114 1624 1149 poe-

186 1169 265 1201 tam
288 1165 439 1211 adibit,
473 1166 540 1214 qui
562 1177 643 1201 non
674 1165 805 1208 habet,
839 1177 887 1201 ex
920 1164 1101 1200 versione
1132 1163 1231 1199 nihil
1264 1163 1488 1211 intelliget3
1529 1175 1625 1210 qua-

187 1233 302 1263 tenus
341 1228 563 1277 intelligere
601 1238 681 1263 non
721 1232 807 1269 est:
863 1226 995 1268 verba,
1032 1224 1099 1261 sed
1137 1224 1356 1261 sententias
1396 1225 1620 1272 percipere3

186 1288 311 1324 multo
348 1290 476 1325 minus
512 1289 580 1325 tali
613 1289 783 1325 lectione
812 1288 995 1324 delectari
1029 1292 1097 1322 aut
1135 1287 1385 1334 antiquorum
1416 1287 1626 1322 hominum

185 1361 318 1386 sensus
348 1351 509 1387 induere
526 1351 680 1398 poterit.
737 1350 874 1398 Itaque
906 1350 973 1397 qui
1009 1349 1049 1385 in
1088 1347 1274 1384 vertendo
1310 1348 1496 1395 scriptore
1518 1348 1627 1396 inge-

185 1412 294 1448 nioso
317 1424 475 1460 operam
497 1415 621 1461 ponit,
654 1414 780 1449 multo
812 1413 939 1461 magis
961 1412 1035 1448 sibi
1056 1411 1259 1459 patrioque
1279 1410 1452 1446 sermoni
1482 1421 1626 1445 consum

184 1473 243 1515 lit,
261 1486 379 1521 quam
408 1475 506 1518 aliis,
528 1476 595 1523 qui
624 1487 694 1511 nec
722 1475 897 1511 studium
925 1474 1018 1510 satis
1051 1484 1245 1522 magnum
1279 1472 1327 1508 ad
1358 1471 1522 1519 antiqua
1541 1471 1625 1508 haec

185 1536 458 1582 cognoscenda
488 1537 672 1572 adhibere
703 1536 851 1582 solent3
890 1536 1024 1579 verbo,
1058 1535 1132 1571 sibi
1167 1535 1332 1582 quisque
1362 1535 1468 1577 serit,
1500 1546 1625 1583 popu-

185 1594 283 1630 lares
301 1608 440 1643 parum
459 1598 553 1634 inde
571 1603 739 1635 metunt.

239 1657 443 1695 Nonnulla
475 1660 551 1695 alia
580 1665 686 1703 sunt,
723 1672 810 1707 quae
846 1661 888 1696 in
919 1673 1025 1709 penu
1057 1660 1266 1696 Pindarico
1297 1658 1431 1694 haberi
1463 1659 1630 1706 possint.

187 1717 261 1755 Sed
280 1719 312 1754 si
333 1720 557 1763 utilitatem,
580 1733 660 1757 non
692 1734 820 1758 rerum
849 1723 977 1758 solum
1014 1722 1168 1769 copiam
1189 1726 1354 1768 spectes,
1384 1732 1432 1756 ex
1462 1721 1508 1755 iis
1529 1732 1626 1768 quo-

185 1791 273 1826 que,
309 1792 395 1828 quae
425 1779 508 1826 jam
539 1788 847 1819 commemorata
878 1788 986 1825 sunt,
1021 1783 1148 1818 multa
1182 1794 1264 1818 esse
1298 1781 1446 1824 videas,
1483 1783 1626 1829 quibus

184 1842 324 1878 melius
358 1855 569 1880 careamus,
624 1844 926 1892 Disputationes
961 1845 1166 1887 habemus,
1204 1843 1381 1892 inprimis
1403 1843 1624 1886 Gallorum,

186 1904 329 1940 multas
366 1917 482 1953 super
510 1906 718 1954 lyricorum
760 1912 952 1948 veterum,
993 1907 1172 1953 interque
1206 1906 1278 1941 hos
1308 1906 1504 1953 praecipue
1529 1905 1629 1942 Pin·

183 1965 278 2009 dari,
301 1967 462 2016 ingenio
483 1972 521 2003 et
541 1968 674 2004 indole
697 1985 706 2014 3
757 1969 798 2004 in
830 1969 877 2004 iis
897 1980 1068 2016 quoque,
1086 1979 1174 2016 quae
1204 1967 1364 2014 quidem
1386 1968 1624 2010 evolvimus,

183 2029 309 2065 multa
343 2029 512 2065 vidimus
540 2030 742 2078 eleganter
773 2030 976 2078 disputari.
1034 2029 1108 2066 Sed
1138 2027 1334 2075 juvenum
1368 2030 1538 2072 animos,
1566 2031 1626 2066 his

185 2092 342 2139 quidem
368 2091 717 2140 disputationibus,
739 2093 787 2128 ab
819 2094 903 2141 ipsa
933 2092 1094 2128 Pindari
1123 2092 1291 2128 lectione
1327 2093 1482 2128 avocari
1523 2093 1625 2129 noli-

184 2164 282 2189 mus.
339 2153 498 2190 Pindari
525 2155 692 2191 omnino
718 2155 838 2203 lyrica
864 2155 939 2197 vis,
970 2154 1169 2190 character
1203 2153 1405 2197 carminis,
1439 2159 1477 2190 et
1508 2167 1625 2203 argu-

183 2215 308 2250 menti
329 2226 660 2264 numerorumque
681 2228 724 2253 ac
745 2216 956 2252 modorum
988 2216 1101 2259 ratio,
1135 2220 1215 2251 tam
1249 2215 1443 2251 diversam
1478 2216 1628 2253 habent

182 2277 318 2312 omnia
343 2276 517 2313 indolem
539 2290 561 2313 a
591 2279 740 2320 ceteriS,
765 2278 892 2314 multo
913 2278 1040 2326 magis
1063 2290 1085 2313 a
1105 2277 1295 2314 Romanis
1323 2283 1361 2315 et
1391 2291 1414 2314 a
1434 2279 1626 2316 recentio-

182 2336 302 2380 ribus,
336 2339 461 2385 poetis
493 2339 638 2387 lyricis,
659 2345 703 2375 ut
738 2339 982 2376 diversorum
1009 2351 1202 2388 generum
1231 2353 1290 2377 res
1328 2327 1554 2389 comparare
1589 2346 1627 2378 et

182 2400 414 2437 contendere
446 2402 636 2439 dicendus
670 2404 734 2446 sit,
765 2404 831 2451 qui
868 2403 1084 2439 Pindarum
1115 2403 1246 2451 ipsum
1281 2404 1323 2440 in
1360 2404 1420 2440 his
1453 2417 1626 2452 quaerere

182 2461 294 2498 velit.
1062 2496 1066 2498 .

233 2523 327 2560 Non
354 2525 506 2574 pigebit
539 2538 644 2563 nunc
679 2532 854 2564 extremo
891 2527 979 2563 loco
1014 2523 1206 2572 subjicere
1235 2526 1416 2563 codicum
1451 2527 1626 2562 nonnul-

178 2584 305 2621 lorum
346 2588 522 2631 notitias,
553 2600 654 2636 quae,
694 2589 789 2626 dum
825 2590 867 2626 in
903 2588 1033 2625 studio
1068 2588 1143 2624 hoc
1182 2589 1366 2625 lectionis
1406 2587 1626 2625 Pindaricae
1655 2632 1659 2641 „

179 2646 468 2697 investigandae
498 2651 765 2695 versabamur,
794 2652 910 2688 nobis
948 2652 986 2687 in
1020 2663 1162 2686 manus
1198 2655 1403 2686 venerunt.
1458 2649 1625 2686 Juvabit

180 2719 258 2744 uno
279 2715 469 2759 tanquam
490 2712 632 2749 obtutu
663 2709 858 2759 subjectas
888 2725 1169 2763 recognoscere
1189 2714 1320 2761 copias
1355 2723 1492 2748 omnes
1525 2711 1622 2748 Pin-

186 2768 349 2816 daricas,
373 2773 518 2821 quibus
541 2778 764 2822 temporum
785 2771 934 2820 injuria
954 2776 1126 2823 pepercit
1148 2791 1158 2820 ;
1199 2775 1272 2811 etsi
1306 2772 1409 2810 haud
1442 2773 1632 2823 exiguam.
