1877 3137
228 254 305 292 168
799 254 1096 302 PYTHIA.

449 381 615 451 Λοκρὶς
643 380 860 452 παρθένος
888 381 1033 441 ἀπύει,

441 463 677 533 Πολεμῖων
704 466 922 533 καμάτων
950 464 996 525 ἐξ
1023 466 1276 534 ἀμαχάνων

442 547 538 597 Δια
565 547 668 598 τεὰν
696 545 879 616 δύναμιν
907 546 1102 617 δρακεῖο·’
1133 544 1359 611 ἀσφαλὲςζ

441 631 558 680 Θεῶν
585 628 620 680 δ’
651 628 869 696 ἐφετμαῖς

351 724 406 759 40
442 710 604 771 Ἰξίονα
632 710 763 774 φαντὶ
791 712 945 760 ταῦτα

444 795 620 860 Βροτοῖς
649 789 797 855 λέγειν
825 791 862 841 ἐν
890 789 1107 861 πτερόεντι
1136 793 1287 861 τροχῷ

220 959 272 989 37.
295 957 460 998 ἀμηχάνων
491 958 540 989 ed.
567 958 658 991 Rom.
686 959 741 989 sed
771 969 808 990 ex
836 959 909 991 Ald.
940 959 1046 989 statim
1077 959 1184 989 dorica
1214 959 1315 989 forma
1344 962 1478 989 retracta
1508 957 1540 988 in
1570 956 1659 988 Crat.

217 1010 269 1039 38.
292 1007 419 1051 δραμεῖνἱ
436 1009 633 1041 oxonienses
648 1020 688 1041 ex
706 1011 797 1042 Bodl.
812 1011 849 1042 C.
866 1016 1085 1051 reposuerant,
1102 1016 1136 1041 ut
1150 1009 1292 1053 δραμεῖαα
1308 1008 1440 1049 ἀσφαλὲς
1456 1009 1496 1040 sit
1510 1007 1658 1051 δραμοῦσα

217 1060 373 1101 ἀσφαλῶς,
389 1061 476 1091 libere
492 1068 558 1092 ante
579 1063 673 1092 domos
690 1063 865 1102 discum-eus,
881 1062 977 1094 ὧτύιι.
1024 1063 1088 1093 Sed
1106 1063 1206 1103 primo
1222 1063 1324 1093 forma
1341 1061 1464 1103 passiva
1482 1060 1567 1091 verbi
1586 1065 1660 1090 nota

219 1121 279 1141 non
294 1117 361 1151 est3
385 1110 534 1154 δραμιῖῖσα
551 1113 600 1142 vel
615 1111 757 1156 δραμοῖσα
773 1114 924 1155 scriptum
940 1125 1008 1145 esse
1026 1114 1157 1155 debuit3
1183 1121 1249 1146 tum
1265 1114 1394 1144 humilis
1410 1123 1536 1153 quoque
1551 1122 1588 1141 ac
1605 1121 1659 1152 pe-

217 1163 332 1193 destris
347 1165 451 1194 exiret
462 1164 572 1200 oratio,
597 1172 631 1195 ut
647 1164 772 1204 quidem
792 1165 849 1195 viri
867 1165 950 1195 docti
966 1176 1032 1196 eam
1047 1166 1229 1198 instituunt.
1277 1164 1467 1197 Revocanda
1482 1173 1518 1194 ea
1534 1170 1602 1193 erat
1619 1162 1658 1192 ad

216 1213 443 1254 elegantiorem
457 1215 641 1244 sententiam
656 1227 664 1245 ι
687 1221 722 1245 ut
737 1213 852 1258 δραμεῖν
866 1216 1001 1255 ἀσφαλὲς
1016 1217 1055 1246 sit
1070 1227 1087 1246 a
1100 1218 1226 1248 navium
1247 1227 1339 1248 cursu
1357 1222 1508 1251 sumtum,
1521 1211 1658 1256 οὖριοδρα-

212 1266 277 1302 μεῖν
292 1264 323 1296 h.
341 1264 486 1304 εὐτυχεῖν.
532 1265 674 1306 Vulgata
689 1267 784 1296 lectio
801 1273 867 1297 erat
883 1265 1025 1308 δρακεῖσ’,
1038 1278 1129 1308 quarn
1153 1268 1300 1298 Pauwius
1316 1273 1433 1302 tuetur,
1449 1273 1484 1296 ut
1498 1264 1660 1307 δέραισθαι

214 1315 256 1345 sit
273 1326 328 1356 pro
342 1318 437 1347 vivere
454 1326 493 1346 ex
515 1316 684 1346 Homerico
704 1323 776 1347 noto
790 1331 798 1347 ;
823 1318 892 1354 ἒμοῦ
906 1318 1009 1358 <ivs-05
1025 1318 1079 1348 καὶ
1100 1318 1148 1349 ἐπὶ
1163 1318 1254 1359 χθονὶ
1268 1317 1452 1360 διρκομένοιο.
1477 1317 1530 1347 sed
1549 1321 1580 1346 et
1598 1316 1656 1345 hoc

215 1365 358 1407 infringit
381 1367 534 1407 poeticam
558 1368 634 1398 vim.
679 1369 795 1399 Saltem
824 1369 922 1399 Locra
946 1370 1064 1410 puella,
1092 1370 1227 1400 liberata
1253 1376 1349 1410 metu,
1376 1369 1576 1400 securitatem
1604 1378 1657 1397 ore

215 1418 371 1458 vultuque
393 1418 516 1458 prodat,
539 1420 681 1460 adeoque
698 1421 955 1459 tueaturfidenter
969 1428 996 1452 et
1011 1422 1117 1453 libere.-
1145 1428 1179 1452 ut
1201 1427 1311 1451 contra
1326 1421 1415 1452 oeulis
1428 1421 1546 1451 incertis
1560 1429 1659 1450 errare

212 1469 313 1499 solent
328 1471 468 1501 timentes.
512 1469 564 1501 Sic
577 1470 643 1501 fere
655 1471 763 1503 Schol.
787 1469 940 1513 δέρκονται
954 1471 1111 1514 ἐλεύθεροι.
1138 1472 1283 1512 ἀσφαλεῖς
1307 1472 1374 1504 Pal.
1392 1472 1429 1503 C.
1447 1477 1479 1501 et
1495 1471 1568 1502 Ald.
1585 1479 1655 1500 curn

217 1519 312 1551 Bodl.
330 1532 366 1559 γ.
387 1521 702 1561 interpretamentum
719 1528 777 1553 est.
820 1524 927 1563 Supra
943 1523 1066 1553 doctius
1083 1523 1175 1554 etiarn
1190 1524 1312 1554 dixerat
1327 1522 1391 1564 ὅρᾷν
1406 1521 1517 1561 ἀλκὰν,
1540 1520 1593 1552 Ol.
1610 1521 1658 1552 ix.

213 1572 289 1602 166.
338 1572 407 1602 Non
425 1578 526 1602 tamen
546 1573 676 1603 aliunde
695 1579 767 1603 uota
780 1579 827 1603 est
842 1574 940 1604 forma
955 1573 1076 1616 ἒδράαην
1091 1581 1122 1605 et
1137 1574 1262 1617 δρακεὶς,
1278 1575 1454 1615 mirumque
1471 1579 1518 1604 est
1535 1578 1656 1613 poetam

213 1631 275 1651 non
292 1621 441 1652 maluisse
455 1620 594 1664 δραιοῗσα
611 1624 658 1654 vel
675 1622 835 1666 δρααεῦσα,
857 1627 897 1656 ab
911 1624 1039 1668 ἔδρακον,
1062 1637 1099 1656 ex
1115 1624 1212 1666 δέρω,
1236 1627 1350 1658 dicere.
1400 1626 1486 1665 [Non
1502 1625 1656 1655 debebam

212 1673 253 1702 de
268 1671 369 1703 forma
383 1671 495 1716 δρακεὶς
511 1674 671 1708 dubitare.
717 1675 866 1706 Occurrit
881 1687 919 1707 ea
940 1678 971 1707 in
992 1677 1175 1718 Fragment.
1194 1678 1299 1708 Scolio
1311 1678 1345 1709 ii.
1359 1681 1390 1709 4.
1411 1683 1440 1718 p.
1458 1681 1509 1708 11.
1531 1675 1578 1706 Ex
1593 1676 1657 1706 Ad-

214 1724 344 1764 dendis.]
475 1728 529 1757 41.
549 1725 696 1768 πιτρόεντι
718 1726 813 1759 Rom.
834 1729 884 1760 ed.
907 1728 993 1758 haud
1014 1729 1108 1760 dubie
1125 1730 1320 1771 typographi
1335 1730 1432 1760 vitio:
1460 1728 1658 1759 retinuerunt

216 1779 321 1804 tamen
347 1775 422 1808 edd.
447 1784 614 1817 sequentes
642 1784 755 1817 praeter
777 1779 966 1810 Commelin.
991 1791 1062 1810 cum
1083 1786 1187 1811 tamen
1211 1781 1328 1811 Aldina
1352 1790 1499 1821 expresse
1522 1778 1655 1808 haberet

214 1826 375 1869 ατιρῦιντι,
398 1829 482 1868 quod
500 1835 585 1860 recte
601 1831 760 1861 revocavit
775 1830 915 1863 Schmid.
931 1833 1176 1864 assentientibus
1191 1834 1259 1866 Pal.
1279 1834 1316 1864 C.
1335 1834 1419 1864 Gott.
1434 1838 1466 1862 et
1481 1832 1567 1871 Aug.
1582 1840 1653 1861 cum

212 1878 316 1911 Schol.
335 1891 426 1920 quem
444 1891 473 1913 v,
488 1882 527 1912 ad
545 1883 578 1912 h.
593 1883 614 1915 !.
631 1883 673 1914 cf.
689 1884 727 1913 ad
748 1884 836 1925 Virg.
851 1884 910 1914 Ge.
927 1885 969 1915 iv.
990 1887 1078 1925 484.‚
1094 1887 1149 1916 ubi
1166 1893 1247 1918 vento
1263 1897 1299 1917 ex
1317 1897 1353 1916 eo
1369 1884 1524 1916 declarari
1542 1889 1654 1925 potest,

210 1929 294 1971 quod
318 1932 520 1972 Asclepiades
546 1934 575 1963 in
597 1935 690 1964 tertio
713 1935 770 1965 νῦν
792 1934 1034 1979 τραγῳδουμίνω
1051 1944 1234 1968 narraverat
1250 1937 1418 1968 nonnullos
1434 1935 1578 1966 tradere:
1600 1933 1657 1964 r‘aeaei

212 1979 274 2022 γὰρ
288 1979 361 2015 δίνης
375 1983 428 2013 καὶ
442 1984 580 2015 Βοιλλᾶἱν
595 1985 684 2016 αιἰτόι
697 1987 925 2030 ἐξαρνηθέντι
941 1988 1133 2030 διαφθαρῆναι
1147 1989 1242 2029 φασίν.
1260 1990 1342 2020 unde
1358 1988 1412 2019 alii
1433 1993 1533 2028 poetae
1557 1986 1657 2016 turbi-

211 2043 281 2064 nem
299 2036 506 2075 procellosum
522 2039 552 2069 in
571 2045 668 2069 rotam
687 2045 779 2070 vento
796 2041 970 2081 procelloso
987 2042 1223 2077 circumactam,
1248 2041 1359 2084 «τροχὸν
1373 2038 1536 2074 cithium-02,
1551 2036 1655 2080 τηρί-

212 2096 293 2125 ινι-α,
309 2084 478 2130 ὑπέασι-ερον,
496 2091 735 2122 transformasse
751 2093 918 2133 videntur3
939 2101 973 2124 ut
989 2094 1104 2126 factum
1118 2095 1148 2124 in
1165 2095 1236 2125 aliis
1253 2094 1370 2124 fabulis
1385 2093 1520 2124 AEolicae
1531 2091 1654 2133 gentis:

212 2135 272 2165 hoc
290 2137 370 2167 enim
385 2149 486 2178 genus
501 2140 680 2172 fabularum
698 2143 947 2184 deprehenditur
965 2156 1032 2175 esse
1048 2146 1151 2176 minus
1165 2146 1275 2177 scitum
1293 2145 1406 2176 ceteris
1422 2149 1453 2175 et
1469 2154 1487 2174 a
1500 2142 1655 2182 sequiori·

210 2185 269 2217 bus
285 2189 383 2228 poetis
400 2190 513 2229 passim
530 2191 742 2226 immutatum.
791 2195 865 2236 Ipsa
880 2196 990 2226 fabula
1005 2197 1043 2227 de
1057 2198 1140 2227 nube
1159 2203 1190 2226 et
1205 2197 1244 2227 de
1261 2197 1430 2227 Centauris
1447 2207 1507 2226 non
1522 2194 1654 2225 aliunde

211 2243 278 2267 orta
295 2238 432 2280 videtur,
456 2251 548 2280 quam
567 2244 650 2282 quod
673 2244 707 2281 ii,
729 2245 781 2284 qui
800 2246 910 2277 Pelion
927 2255 1062 2278 montem
1081 2247 1316 2287 inhabitabant,
1337 2249 1376 2278 ad
1394 2248 1532 2279 Ixionem
1551 2255 1653 2288 genus

209 2297 303 2318 suum
320 2289 501 2328 referentes,
517 2293 555 2323 ab
570 2293 678 2333 aliquo
695 2305 799 2326 vetere
818 2304 909 2337 poeta
928 2308 945 2328 a
962 2299 1124 2330 celeritate
1141 2310 1252 2329 cursus
1267 2299 1426 2360 κένταυροι,
1450 2299 1476 2329 oa'
1493 2298 1654 2332 κινηῦις-ις

209 2337 261 2372 *ἣν
280 2338 380 2383 αὔραν,
406 2343 502 2374 obirem
522 2350 656 2384 secantes,
679 2351 711 2376 et
726 2346 952 2392 iaeaeozivroevgoa
968 2350 1120 2391 appellati
1137 2356 1236 2382 erant.
1283 2350 1331 2380 Ex
1349 2349 1426 2392 αὔρα
1440 2349 1524 2379 facta
1541 2347 1653 2387 ιιφίλη,

254 2483 308 2513 38.
331 2480 457 2525 δρακεῖσ’
480 2484 627 2524 ἀσφαλὲς,
649 2492 734 2516 metu
759 2486 903 2528 liberata,
960 2489 1053 2519 detur
1070 2489 1221 2530 Virgilius
1239 2489 1369 2526 petiisse
1390 2499 1495 2520 suum.
1541 2488 1655 2519 Discite

209 2530 353 2572 adeoque
370 2533 455 2564 vultu
467 2541 572 2574 erecto,
589 2534 694 2575 hilari,
710 2546 822 2566 secura
836 2537 902 2577 ipsa
950 2540 1108 2579 justitiam,
1135 2539 1209 2569 AEn.
1226 2539 1271 2569 vi.
1290 2541 1364 2570 620,
1386 2538 1440 2569 ubi
1456 2538 1539 2569 conf.
1565 2544 1596 2568 et
1612 2539 1652 2568 ad

212 2585 243 2610 et
266 2582 359 2613 rebus
382 2583 495 2616 fideus.
516 2584 723 2626 [Anaxilaus,
743 2596 796 2616 rex
813 2586 902 2618 Rhe·
959 2589 1017 2620 Ge.
1040 2589 1082 2620 iv.
1111 2591 1186 2620 424.
1240 2589 1290 2619 Ad
1317 2596 1454 2618 nostrum
1485 2598 1514 2619 v.
1538 2588 1648 2619 Schol

211 2641 370 2673 gmorum,
386 2633 501 2664 Locros
516 2634 745 2676 Epizephyrios
760 2636 902 2678 adortus,
968 2638 1029 2669 Od.
1057 2644 1087 2678 φ.
1112 2641 1186 2670 303,
1212 2645 1243 2669 et
1268 2638 1373 2670 Schol.
1400 2638 1513 2678 Eurip.
1541 2638 1649 2670 Phoen.

208 2679 357 2712 Hieronis
390 2683 510 2715 monitu
542 2695 651 2726 pacem
684 2687 816 2719 fecerat.
859 2687 905 2718 Ex
962 2689 1056 2719 1197.
1093 2687 1236 2728 pleniora
1267 2698 1319 2728 ap.
1356 2687 1520 2729 Musgrav.
1551 2689 1590 2718 ad
1622 2700 1653 2720 v.

208 2728 359 2772 Schedia]
961 2740 1058 2770 1220.
1074 2739 1133 2768 alia
1149 2739 1234 2778 apud
1252 2737 1378 2769 Morell.
1401 2739 1441 2768 ad
1465 2739 1597 2769 Aristid.
1619 2739 1650 2768 in

253 2781 306 2810 39
323 2791 388 2820 seq.
414 2782 501 2821 φαντι
523 2782 551 2814 δὲ
580 2784 682 2822 Ἰξίονα
713 2785 906 2825 »uxamiam
963 2787 1087 2829 Leptin.
1106 2799 1136 2829 p.
1149 2790 1201 2820 96.

211 2828 349 2870 ἐφετμαῖς
364 2830 438 2862 905·
452 2838 514 2866 etc.
562 2833 609 2864 Ex
626 2834 711 2865 dicto
727 2835 848 2867 Ixionis
862 2837 906 2868 vi-
