1877 3137
707 498 1065 550 ΙΣΘΜΙΑ.

778 676 926 710 ΕΙΔΟΣ
959 676 1006 712 ς’.

518 843 1241 917 ΦΥΛΑΚΙΔΑ,

673 1047 781 1100 (EN
839 1048 1078 1102 ΠΑιΣι.)

669 1391 1019 1431 ARGUMENTU
1021 1393 1082 1432 M.

156 1511 338 1553 mezs
359 1509 524 1551 victoris
544 1523 639 1552 eum
660 1510 932 1565 gratulatione
945 1516 988 1552 et
1010 1509 1131 1551 bonis
1152 1509 1405 1554 votis.—28.
1425 1510 1591 1555 Excur-

154 1577 205 1619 rit
225 1582 346 1632 poeta
365 1575 408 1617 in
428 1576 584 1617 fabulas
612 1576 662 1618 de
682 1575 912 1619 Telamone
947 1576 1125 1634 ejusque
1145 1576 1230 1618 filio
1251 1576 1393 1634 Ajace,
1415 1593 1489 1634 pro
1508 1594 1593 1635 quo

157 1641 358 1683 Hercules
398 1656 540 1697 preces
574 1642 724 1683 fecerat
753 1656 849 1684 cum
869 1642 988 1684 bonis
1021 1642 1350 1697 auguriis.——82.
1391 1643 1589 1688 Victoriae

155 1714 426 1762 cognatorum
447 1713 488 1749 et
510 1707 834 1750 tribulium-ad
854 1710 884 1750 f.

713 1842 766 1884 Σ.
784 1837 827 1884 οἱ.
883 1844 938 1883 Κ.
959 1838 1028 1897 ιγ’.

371 1943 830 2010 ΘΑΛΛΟΝΤΟΣ
861 1949 1016 2021 ἀνδρῶν
1041 1950 1092 2008 ὦς
1119 1947 1190 2002 ὅτε
1217 1949 1476 2019 συμποσίου,

372 2037 596 2109 Δεύτερον
621 2037 825 2108 κξατῆξα
849 2031 1059 2104 fhoca-alm
1083 2029 1251 2102 μελέων

193 2192 362 2232 Pet-peram
378 2187 584 2220 Grammatici
606 2193 638 2218 et
660 2186 712 2217 hic
734 2185 795 2216 tria
822 2183 950 2215 nomina
979 2182 1253 2224 praescripserunt,
1268 2179 1445 2222 Φυλακίδᾳ,
1461 2178 1583 2221 Πυθίᾳ,

149 2242 308 2282 Εὗθνμίηι
320 2240 450 2284 μάτρωΐ.
468 2247 504 2272 ut
516 2247 548 2272 et
562 2239 652 2277 alibi,
666 2251 696 2270 v.
711 2249 740 2270 c.
755 2238 808 2270 ΟΙ.
824 2237 890 2270 viii.
915 2237 1050 2267 Carmen
1062 2235 1202 2266 celebrat
1213 2234 1417 2275 Phylacidam
1432 2233 1582 2264 victorem

149 2295 312 2337 pancratio
338 2293 490 2324 Isthmiis.
535 2291 740 2332 Exspatiatur
763 2289 876 2320 deinde
901 2293 1004 2328 poeta,
1021 2292 1055 2318 ut
1069 2288 1159 2324 solet,
1172 2287 1204 2317 in
1229 2286 1339 2316 laudes
1365 2291 1584 2325 cognatorum.

146 2347 300 2387 Tempore
315 2346 494 2387 praecedere
510 2343 621 2374 debuit
635 2343 702 2374 haec
718 2338 777 2371 ode
800 2340 953 2381 quintam,
969 2343 1004 2370 ut
1024 2339 1092 2378 jam
1115 2340 1155 2369 ab
1178 2338 1287 2378 Intpp.
1310 2337 1506 2368 observatum
1524 2341 1584 2377 est,

147 2397 401 2439 quandoquidem
419 2407 448 2428 v.
463 2399 495 2428 7.
519 2405 612 2426 uuam
630 2399 749 2424 tantum
764 2391 927 2423 Isthmiam
945 2390 1105 2423 victoriam
1120 2393 1292 2420 memorat:
1315 2388 1341 2418 si
1355 2393 1426 2428 post
1441 2386 1582 2427 quintam

146 2450 239 2482 Oden
254 2450 374 2491 scripta
389 2454 471 2480 esset
486 2453 584 2484 sexta.
599 2446 757 2477 debuisset
773 2445 840 2475 haec
865 2443 994 2475 vrctoria
1020 2451 1087 2472 esse
1118 2440 1228 2472 altera.
1401 2441 1433 2471 Q,
1454 2437 1584 2478 uatou'm

143 2501 201 2544 (ex
228 2503 355 2542 μονηῖος
380 2511 436 2543 pro
464 2500 555 2542 vulg.
585 2496 738 2539 μουσικὸς)
763 2495 884 2527 Bened.
906 2500 937 2526 et
966 2494 1063 2525 Pauw
1090 2491 1261 2533 legendum
1292 2499 1360 2520 esse
1382 2493 1580 2520 monuerant·

189 2630 224 2657 1.
261 2626 381 2657 Iterum
412 2625 563 2665 hymnum
594 2632 664 2653 cum
701 2620 828 2663 potione
882 2620 937 2650 ime
949 2613 1313 2656 celebrammsdhaowoe,
1331 2611 1530 2652 ἀκμάζοντος.

146 2681 315 2716 comparat.
341 2675 379 2706 Ue
391 2677 424 2707 in
438 2674 571 2711 convivio,
585 2673 659 2714 quod
672 2682 738 2704 cum
748 2680 828 2701 maz·
