1877 3137
741 502 1082 550 ΠΤΘΙΑ,

798 662 946 694 ΕΙΔΟΣ
980 658 1016 694 οἱ.

296 816 816 879 ΙΕΡΩΝΙ
906 814 1550 887 ΑΙΤΝΑΙΩ,

771 1003 1048 1042 ΑΡΜΑΤΙ.

606 1166 1139 1176 -Μψᾼ-μ
1146 1170 1151 1171 ⁷

675 1314 1134 1359 ARGUMENTUM.

197 1438 381 1481 LAUDEs
406 1439 598 1480 carminis
620 1440 679 1481 ita
698 1440 881 1492 adornat,
903 1446 951 1481 ut
969 1440 1068 1494 lyrae
1089 1443 1305 1493 potentem
1326 1438 1412 1503 Vim.
1430 1444 1472 1480 et
1492 1440 1628 1482 effica-

203 1497 309 1537 ciam
340 1495 384 1537 in
399 1496 504 1563 ‘ipso
525 1498 708 1552 Olympo
728 1498 916 1547 declaret,
920 1503 1048 1536 -24.
1078 1509 1154 1536 nec
1175 1496 1358 1561 refugere
1379 1494 1466 1551 ejus
1486 1497 1630 1538 dulce-

195 1553 335 1594 dinem
368 1552 446 1593 nisi
474 1554 636 1608 impios,
661 1555 703 1595 in
734 1554 884 1608 quibus
915 1552 1150 1608 Typhoeus,
1185 1552 1252 1593 cui
1272 1551 1416 1604 AEtna,
1441 1553 1633 1608 imposita

198 1614 273 1660 est,
277 1613 404 1650 —56.
435 1610 486 1649 ad
496 1609 634 1675 cujus
665 1610 816 1651 montis
844 1609 998 1650 radices
1024 1623 1128 1649 nova
1156 1609 1265 1658 urbs,
1298 1608 1442 1659 AEtna,
1465 1611 1631 1651 condita

199 1670 300 1716 erat,
332 1664 448 1720 cujus
470 1665 602 1707 civem
624 1682 666 1708 se
686 1680 758 1722 per
777 1680 1012 1720 praeconem
1035 1665 1291 1719 pronuntiari
1315 1665 1491 1720 jusserat
1521 1666 1628 1708 Hie-

197 1736 242 1763 ro
255 1727 402 1772 3—64.
434 1722 577 1778 quod’
566 1738 608 1763 1n
629 1725 785 1764 bonum
809 1736 931 1763 omen
963 1721 1081 1762 vertit
1102 1728 1224 1775 poeta
1253 1727 1294 1762 et
1315 1723 1424 1762 bona
1443 1729 1538 1764 vota
1558 1738 1631 1778 pro

196 1780 298 1819 urbe
327 1779 555 1822 facit—81.
586 1779 704 1822 Facit
732 1793 893 1834 quoque
918 1784 1011 1819 vota
1030 1792 1104 1832 pro
1126 1777 1309 1819 Hierone
1329 1777 1516 1820 laudibus
1541 1780 1575 1836 ej
1585 1795 1630 1822 us

199 1835 521 1891 interpositis—
541 1842 629 1877 111.
679 1836 938 1878 Mentionem
980 1834 1154 1888 denique
1194 1833 1331 1889 injicit
1379 1834 1629 1878 Dinomenis

198 1892 593 1934 filii—11⁵.Nunc
623 1908 763 1950 preces
792 1894 843 1934 ad
871 1892 1022 1934 Jovem
1055 1892 1154 1933 facit
1174 1905 1248 1946 pro
1273 1892 1469 1933 Hieronis
1490 1894 1629 1938 felici-

199 1954 283 1990 tate
306 1963 403 1991 eum
419 1957 610 2005 respectu
631 1952 680 1993 ad
700 1951 958 2006 superiorum
981 1955 1211 2004 temporum
1236 1963 1438 1991 aerumnas
1457 1955 1499 1991 et
1520 1952 1629 1993 cala-

199 2006 522 2051 mitates-156.
553 2007 780 2065 Subjungit
797 2008 906 2049 bona
927 2007 1098 2048 consilia
1117 2012 1158 2047 et
1179 2007 1351 2048 monita.

752 2165 804 2208 Σ.
833 2161 860 2203 ά
918 2164 972 2203 K.
1004 2158 1068 2214 ιβ’.

417 2243 702 2310 ΧΡΥΣΕΑ
732 2250 946 2323 φόρμιγξ,
980 2249 1219 2303 Ἀπόλλω-

237 2403 426 2448 Συριιιιονσῖῳ
441 2403 522 2435 male
537 2403 694 2444 adjectum
710 2409 777 2435 erat
791 2404 824 2435 in
839 2403 944 2435 titulo.
987 2403 1070 2435 Nam
1086 2403 1222 2435 Αἰτναῖον
1236 2414 1270 2435 se
1286 2414 1369 2436 nunc
1394 2405 1538 2436 voluerat
1554 2417 1626 2447 pro-

197 2456 333 2486 nuntiari
351 2456 457 2487 Hiero.
489 2455 577 2486 Nova
595 2455 669 2485 urbs
685 2455 810 2486 condita
826 2461 892 2485 erat
908 2455 1035 2496 Olymp.
1052 2454 1151 2487 lxxvi.
1173 2460 1204 2487 1.
1220 2455 1262 2488 V.
1280 2455 1375 2486 Diod.
1390 2456 1431 2487 xi.
1446 2457 1501 2488 49.
1518 2457 1625 2491 strab.

198 2506 239 2538 vi.
254 2518 284 2547 p.
298 2508 374 2537 414.
387 2506 426 2538 A.
442 2516 514 2536 mox
531 2505 633 2538 soluta
644 2506 695 2537 01.
713 2506 806 2537 lxxix.
820 2509 852 2538 4.
864 2506 900 2537 V.
915 2506 1011 2537 Diod.
1027 2506 1070 2538 xi.
1082 2508 1138 2538 76.
1185 2505 1222 2536 In
1240 2506 1299 2536 hoc
1315 2506 1480 2537 intervallo
1495 2507 1626 2539 victoria

196 2556 343 2588 Hieronis
358 2557 492 2598 Pythica
500 2557 617 2599 obtigit
629 2557 722 2599 Pyth.
734 2558 829 2588 xxix,
845 2557 974 2599 Olymp.
988 2557 1103 2588 lxxvii.
1119 2559 1153 2589 3.
1171 2563 1244 2587 ante
1256 2556 1292 2588 C.
1306 2556 1346 2589 N.
1356 2557 1432 2588 470.
1519 2559 1550 2590 1.
1561 2557 1628 2589 Alii

261 2689 495 2727 ,mur-minum
521 2689 565 2720 vis
589 2694 636 2719 est
658 2699 778 2720 summa
796 2688 882 2719 etad
938 2689 1022 2720 dum,
1050 2688 1094 2718 Ex
1117 2687 1256 2727 schedis.]
1303 2687 1412 2728 Lyram
1439 2687 1624 2730 alloquitur,

199 2691 416 2769 deliciandum
442 2744 473 2770 et
495 2739 533 2793 ad
562 2745 710 2769 tenorem
736 2737 882 2777 injicieu-
938 2748 992 2768 seu
1008 2738 1143 2768 invoca«.
1189 2735 1273 2767 Nihil
1292 2742 1396 2769 tamen
1412 2736 1576 2781 subjungit
1592 2739 1624 2770 in

285 2788 356 2812 von.
374 2790 397 2812 1.
1029 2788 1046 2807 U
