1877 3137
251 211 334 240 xxx
711 233 715 234 γ
764 200 1176 245 PRAEFATlo.

249 334 302 367 ta.
340 328 374 365 T
377 329 475 366 ertia
493 334 553 366 est
571 330 705 375 editio,
728 344 814 381 quae
832 333 990 372 Scholia
1003 335 1174 372 exhibet.
1207 334 1256 371 In
1279 334 1388 383 praef.
1410 335 1457 372 ad
1478 334 1502 371 J
1506 348 1561 373 ac.
1577 336 1688 374 Bon-

245 391 421 441 garsium
452 392 588 428 mendis
615 386 810 430 scatentem
836 408 873 432 se
891 402 1044 433 veterem
1064 398 1267 439 editionem,
1286 408 1369 443 quse
1389 409 1489 445 soepe
1517 399 1626 434 aliter
1645 401 1684 434 in

248 456 363 498 textu,
400 451 508 488 aliter
544 454 583 488 in
618 454 761 491 scholiis
791 459 964 505 scriptum
998 458 1142 501 habeat,
1179 458 1383 494 emendasse
1418 459 1472 494 ait
1508 458 1684 496 Paullus.

248 504 406 550 Scilicet
424 513 739 552 Brubachianam
761 520 868 563 (narn
889 518 1113 555 Romanam
1137 530 1187 555 ne
1207 519 1424 567 inspexisse
1444 519 1602 568 quidem
1620 520 1682 556 vi-

247 574 376 619 detur)
398 580 492 611 ante
509 577 642 613 oculos
671 578 812 615 habuit
832 591 995 627 eamque
1015 580 1061 616 ad
1083 579 1393 627 Stephanianam
1414 581 1684 617 recensionem

249 636 411 673 alteram
444 638 641 674 correxit:
676 644 734 675 est
749 640 842 676 satis
873 641 979 677 bona
1012 641 1147 683 editio,
1173 641 1383 684 etlectoris‚
1404 642 1471 690 qui
1506 643 1681 679 criticam

247 698 505 734 subtilitatem
521 710 601 735 non
623 705 805 743 sectatur,
823 702 958 738 usibus
978 714 1164 750 perquam
1181 703 1488 740 accommodata.
1525 702 1680 751 Expec-

245 759 354 795 tabat
374 759 533 796 Paullus
553 760 680 797 adhuc
700 761 752 799 Is.
772 762 998 799 Casauboni
1018 763 1326 807 observationes,
1347 776 1443 812 quas
1463 770 1599 800 tamen
1616 763 1684 800 ac-'

243 822 390 870 cepisse
411 832 492 858 non
513 822 677 859 videtur.

298 882 426 919 Aliam
445 883 571 919 Paulli
588 883 775 931 Stephani
789 885 1004 922 editionem
1020 885 1179 923 Pindari
1197 898 1230 923 a.
1254 886 1366 923 1600.
1379 898 1466 936 quae
1480 891 1612 935 quarta
1623 887 1688 923 in-

249 949 308 980 ter
323 944 496 980 minores
514 949 584 986 est,
606 956 723 992 supra
741 946 926 984 vidimus.
1694 996 1698 999 ¹

302 1005 434 1041 Etiam
455 1004 714 1042 Parisiensern
736 1004 853 1052 hujus
873 1009 970 1044 anni
989 1008 1179 1044 habemus
1199 1008 1384 1045 foeturam
1413 1006 1644 1055 hujusmodi
1662 1024 1670 1046 ε

250 1065 310 1101 Ex
324 1067 485 1102 Pindaro
506 1065 654 1114 Ecloga
681 1067 812 1104 Graece
831 1081 849 1104 e
870 1069 1084 1117 typograph.
1105 1068 1327 1106 Precostaei.
1363 1069 1483 1106 Paris.
1509 1070 1620 1106 1600.
1643 1070 1682 1108 4.

302 1129 350 1164 cf.
379 1129 567 1166 Maittair.
595 1131 739 1167 Annal.
775 1136 802 1168 t.
837 1133 962 1180 iiisp.
983 1133 1009 1168 i.
1031 1144 1066 1180 p.
1088 1132 1178 1171 837.
1207 1132 1346 1169 Graece
1373 1144 1554 1181 expressa
1580 1132 1683 1180 typis

252 1197 345 1227 sunt
365 1191 522 1239 Olymp.
543 1191 593 1227 iv.
613 1203 649 1228 ν.
670 1191 784 1240 Pyth.
807 1194 876 1230 vii.
891 1195 973 1230 viii.
995 1193 1110 1229 Nem.
1131 1195 1153 1229 i.
1175 1194 1214 1230 ii.
1233 1193 1373 1232 Isthm.
1393 1194 1447 1230 iii.
1466 1206 1504 1230 v.

302 1252 349 1288 In
372 1257 560 1300 apparatu
581 1252 790 1290 Pindarico
812 1255 1039 1291 habendum
1059 1266 1214 1302 quoque

302 1313 360 1350 M.
376 1314 528 1350 AEmilii
545 1314 660 1351 Porti
678 1316 852 1352 Lexicum
872 1315 1129 1354 Pindaricum.
1157 1317 1354 1354 Hanoviae
1379 1317 1491 1354 1606.
1520 1318 1557 1355 8.

301 1375 653 1412 Aecommodatum
672 1377 770 1413 iilud
798 1383 857 1414 est
881 1379 926 1414 ad
958 1378 1049 1414 edit.
1093 1378 1136 1414 P.
1166 1378 1300 1426 Steph.
1333 1379 1451 1416 1599.
1485 1378 1680 1416 Doctrina

248 1436 475 1472 Graecanica
493 1439 754 1485 grammatica
774 1439 899 1476 multa
919 1441 960 1476 in
990 1440 1058 1476 illo
1087 1441 1171 1476 viro
1201 1446 1296 1482 erat,
1317 1440 1383 1476 sed
1410 1440 1520 1477 nulla
1540 1438 1683 1487 judicii

250 1499 467 1535 subtilitate
483 1499 656 1536 subacta.

296 1558 502 1596 Editiones
522 1560 655 1609 Steph.
680 1562 779 1598 1612
800 1567 840 1599 et
864 1562 976 1600 1626.
1011 1567 1049 1598 et
1068 1561 1345 1600 Ebrodunens.
1379 1564 1491 1600 1624.
1525 1565 1678 1602 minore

249 1621 376 1658 forma
395 1633 512 1669 supra
528 1623 746 1672 attigimus.
1675 1660 1678 1661 ⁷

300 1703 354 1709 —
371 1695 426 1729 gr.
463 1684 526 1718 lat.
561 1684 598 1719 in
632 1683 788 1733 Corpore
817 1690 959 1733 poetar.
1003 1686 1068 1723 Gr.
1101 1686 1185 1722 Jac.
1223 1685 1342 1722 Lectii
1375 1691 1401 1723 t.
1433 1687 1472 1723 ii.
1507 1687 1680 1725 Genevae

360 1745 461 1781 1614
481 1745 510 1781 f.

301 1805 477 1843 Tandem
500 1808 546 1844 ad
568 1808 809 1846 Schmidium
832 1816 1065 1859 perventum
1086 1817 1158 1855 est,
1179 1812 1371 1849 editorum
1389 1811 1549 1849 Pindari
1565 1812 1684 1850 facile

248 1867 477 1915 principem.
532 1869 624 1906 Non
643 1878 755 1908 vacat
774 1873 990 1909 adscribere
1009 1873 1282 1917 titulumlibri,
1303 1873 1371 1921 qui
1387 1874 1530 1921 passim
1552 1875 1682 1911 mani-

249 1928 323 1964 bus
343 1930 479 1965 teritur
495 1947 503 1966 :
1309 1926 1315 1933 ’

300 1988 484 2044 Πινδάρου
504 1989 659 2046 περίοδος
677 2018 731 2024 --
749 2009 859 2044 opera
878 1996 1031 2033 Erasmi
1061 1996 1250 2033 Schmidii
1269 1997 1472 2040 Deliciani,
1499 1996 1620 2034 Graec.
1641 2003 1676 2034 et

354 2055 573 2093 IWatIzemat.
593 2057 645 2094 P.
669 2058 719 2095 P.
743 2057 1000 2108 (Vitebergae)
1029 2059 1141 2095 1616.
1162 2061 1198 2095 4.

299 2114 424 2158 Idem,
445 2118 550 2165 quod
580 2130 665 2162 nos,
686 2125 872 2167 sequutus
901 2126 982 2156 erat
1011 2121 1234 2156 institutem
1265 2120 1325 2155 vir
1352 2119 1614 2163 doctissimus,
1634 2126 1680 2157 ut

246 2176 566 2224 interpretaretur
581 2179 794 2216 Pindarum
812 2180 1048 2217 lectionibus
1065 2181 1165 2227 suis3
1191 2180 1256 2216 sed
1277 2180 1410 2228 paullo
1424 2180 1569 2216 lentius
1589 2193 1678 2229 pro-

247 2237 374 2274 cessit.
427 2237 531 2274 Nam
562 2241 602 2276 in
638 2242 1062 2289 interpretationesua
1085 2241 1293 2278 Pindarica
1321 2246 1486 2289 septem,
1505 2246 1543 2276 et
1572 2242 1678 2288 quod

248 2299 431 2341 excurrit,
452 2312 574 2336 annos
605 2303 837 2345 consumsit,
868 2316 900 2339 a.
934 2303 970 2340 d.
998 2304 1090 2339 inde
1122 2304 1202 2339 xxi.
1237 2302 1378 2339 Octob.
1419 2302 1530 2338 1604.
1564 2302 1677 2338 initio
1725 2350 1729 2351 V

246 2359 352 2397 facto
371 2378 381 2407 3
413 2361 578 2398 Isthmia
597 2369 728 2400 autem
751 2377 927 2401 enarrare
948 2371 1081 2402 aestate
1102 2365 1260 2401 demum
1279 2377 1312 2401 a.
1337 2363 1451 2400 1611.
1470 2375 1677 2413 aggressus

246 2429 316 2458 est.
371 2422 612 2472 Vulgaverat
632 2425 696 2461 ille
711 2422 794 2470 jam
816 2438 922 2462 anno
943 2427 1015 2462 hoc
1040 2427 1153 2462 1611.
1192 2423 1354 2461 Pindari
1371 2425 1455 2472 plus
1474 2437 1581 2472 quam
1599 2437 1677 2461 sex-

248 2486 358 2520 centis
387 2487 423 2521 in
457 2486 542 2521 Iocis
560 2488 738 2522 emendati
766 2489 952 2535 specimen.
1012 2488 1108 2524 Inde
1138 2488 1247 2523 missi
1277 2486 1324 2522 ad
1352 2498 1441 2522 eum
1468 2491 1562 2523 sunt
1581 2486 1676 2523 Jani

247 2544 404 2582 Gruteri
421 2559 513 2582 cura
531 2553 606 2583 tres
624 2548 735 2584 codd.
768 2548 864 2583 Mss.
882 2561 928 2583 ex
947 2548 1071 2585 Elect.
1101 2548 1224 2586 Palat.
1251 2548 1497 2584 Bibliotheca
1513 2546 1675 2584 Heidel-

245 2605 442 2656 bergensi,
484 2608 533 2644 de
570 2609 711 2656 quibus
741 2621 856 2657 supra
891 2621 928 2657 p.
967 2611 1061 2647 xxii.
1083 2623 1138 2658 sq.
1174 2611 1384 2660 diligenter
1417 2610 1566 2647 dictum
1604 2620 1672 2648 est.

249 2668 323 2704 Sed
361 2670 463 2705 idem
500 2671 672 2718 antiquis
710 2671 794 2707 edd.
828 2671 1039 2707 instructus
1075 2672 1151 2707 suit
1185 2673 1341 2722 egregie
1359 2687 1370 2716 3
1419 2672 1554 2709 laudat
1590 2672 1678 2709 edd.

247 2739 416 2782 quatuor
430 2746 520 2771 cum
543 2746 662 2772 manu
677 2735 757 2774 Viti
772 2736 1007 2772 Winsheniii
1025 2737 1070 2773 ad
1090 2749 1129 2774 se
1140 2739 1291 2784 missas,
1308 2740 1403 2776 item
1423 2737 1646 2775 Romanam
1664 2754 1676 2784 5
