<?xml version="1.0" encoding="UTF-8"?>
<!DOCTYPE html PUBLIC "-//W3C//DTD XHTML 1.0 Transitional//EN"
    "http://www.w3.org/TR/xhtml1/DTD/xhtml1-transitional.dtd">
<html xmlns="http://www.w3.org/1999/xhtml" xml:lang="en" lang="en">
 <head>
  <title>
</title>
<meta http-equiv="Content-Type" content="text/html;charset=utf-8" />
  <meta name='ocr-system' content='tesseract 3.04.00' />
  <meta name='ocr-capabilities' content='ocr_page ocr_carea ocr_par ocr_line ocrx_word'/>
</head>
<body>
  <div class='ocr_page' id='page_1' title='image "./carminacumlectio01pinduoft_0036.png"; bbox 0 0 1877 3137; ppageno 0'>
   <div class='ocr_carea' id='block_1_1' title="bbox 269 233 1237 280">
    <p class='ocr_par' dir='ltr' id='par_1_1' title="bbox 269 233 1237 280">
     <span class='ocr_line' id='line_1_1' title="bbox 269 233 1237 280; baseline -0.003 -1"><span class='ocrx_word' id='word_1_1' title='bbox 269 237 365 279; x_wconf 81' lang='lat' dir='ltr'>xxvi</span> <span class='ocrx_word' id='word_1_2' title='bbox 824 233 1237 280; x_wconf 84' lang='lat' dir='ltr'>PRAEFATIO.</span> 
     </span>
    </p>
   </div>
   <div class='ocr_carea' id='block_1_2' title="bbox 269 374 1706 1469">
    <p class='ocr_par' dir='ltr' id='par_1_2' title="bbox 269 374 1706 856">
     <span class='ocr_line' id='line_1_2' title="bbox 269 374 1701 428; baseline -0.003 -14"><span class='ocrx_word' id='word_1_3' title='bbox 269 390 359 428; x_wconf 85' lang='lat' dir='ltr'>pag.</span> <span class='ocrx_word' id='word_1_4' title='bbox 379 377 444 419; x_wconf 75' lang='lat'>79.</span> <span class='ocrx_word' id='word_1_5' title='bbox 471 377 701 416; x_wconf 79' lang='lat' dir='ltr'><strong>Mediolani.</strong></span> <span class='ocrx_word' id='word_1_6' title='bbox 719 378 781 416; x_wconf 89' lang='lat' dir='ltr'>Jo.</span> <span class='ocrx_word' id='word_1_7' title='bbox 811 378 858 415; x_wconf 88' lang='lat' dir='ltr'>de</span> <span class='ocrx_word' id='word_1_8' title='bbox 874 376 1127 415; x_wconf 84' lang='lat' dir='ltr'>Castelliono.</span> <span class='ocrx_word' id='word_1_9' title='bbox 1162 377 1277 413; x_wconf 87' lang='lat'>1521.</span> <span class='ocrx_word' id='word_1_10' title='bbox 1309 375 1345 411; x_wconf 85' lang='grc'><strong>4.</strong></span> <span class='ocrx_word' id='word_1_11' title='bbox 1375 374 1442 411; x_wconf 86' lang='lat' dir='ltr'>sed</span> <span class='ocrx_word' id='word_1_12' title='bbox 1470 375 1701 423; x_wconf 83' lang='lat' dir='ltr'>interpreta-</span> 
     </span>
     <span class='ocr_line' id='line_1_3' title="bbox 270 436 1702 485; baseline -0.003 -9"><span class='ocrx_word' id='word_1_13' title='bbox 270 441 417 476; x_wconf 84' lang='lat' dir='ltr'><strong>tionem</strong></span> <span class='ocrx_word' id='word_1_14' title='bbox 435 440 502 476; x_wconf 87' lang='lat' dir='ltr'>illa</span> <span class='ocrx_word' id='word_1_15' title='bbox 521 440 695 484; x_wconf 86' lang='lat' dir='ltr'>Pindari,</span> <span class='ocrx_word' id='word_1_16' title='bbox 716 453 796 477; x_wconf 87' lang='lat' dir='ltr'>non</span> <span class='ocrx_word' id='word_1_17' title='bbox 817 438 1195 482; x_wconf 90' lang='lat' dir='ltr'>editionem,indicit</span> <span class='ocrx_word' id='word_1_18' title='bbox 1214 439 1255 474; x_wconf 90' lang='lat' dir='ltr'>in</span> <span class='ocrx_word' id='word_1_19' title='bbox 1278 437 1492 485; x_wconf 87' lang='lat' dir='ltr'>Gymnasio</span> <span class='ocrx_word' id='word_1_20' title='bbox 1507 436 1702 473; x_wconf 86' lang='lat' dir='ltr'>Mediola-</span> 
     </span>
     <span class='ocr_line' id='line_1_4' title="bbox 270 497 1700 548; baseline -0.004 -10"><span class='ocrx_word' id='word_1_21' title='bbox 270 503 396 538; x_wconf 89' lang='lat' dir='ltr'>nensi.</span> <span class='ocrx_word' id='word_1_22' title='bbox 454 502 607 538; x_wconf 79' lang='lat' dir='ltr'>Praefixi</span> <span class='ocrx_word' id='word_1_23' title='bbox 625 508 718 538; x_wconf 92' lang='lat' dir='ltr'>sunt</span> <span class='ocrx_word' id='word_1_24' title='bbox 735 509 822 538; x_wconf 86' lang='lat' dir='ltr'>octo</span> <span class='ocrx_word' id='word_1_25' title='bbox 842 513 977 539; x_wconf 85' lang='lat' dir='ltr'>versus</span> <span class='ocrx_word' id='word_1_26' title='bbox 997 499 1216 548; x_wconf 85' lang='lat' dir='ltr'>Lampridii</span> <span class='ocrx_word' id='word_1_27' title='bbox 1236 499 1284 534; x_wconf 87' lang='lat' dir='ltr'>ad</span> <span class='ocrx_word' id='word_1_28' title='bbox 1304 498 1530 534; x_wconf 89' lang='lat' dir='ltr'>Cornelium</span> <span class='ocrx_word' id='word_1_29' title='bbox 1551 497 1700 546; x_wconf 87' lang='lat' dir='ltr'>Benig-</span> 
     </span>
     <span class='ocr_line' id='line_1_5' title="bbox 271 559 1698 616; baseline -0.004 -16"><span class='ocrx_word' id='word_1_30' title='bbox 271 576 384 606; x_wconf 88' lang='lat' dir='ltr'>num,</span> <span class='ocrx_word' id='word_1_31' title='bbox 404 566 546 612; x_wconf 86' lang='lat' dir='ltr'>quibus</span> <span class='ocrx_word' id='word_1_32' title='bbox 577 563 660 611; x_wconf 89' lang='lat' dir='ltr'>ejus</span> <span class='ocrx_word' id='word_1_33' title='bbox 695 566 967 602; x_wconf 84' lang='lat' dir='ltr'>munificentia</span> <span class='ocrx_word' id='word_1_34' title='bbox 990 562 1099 615; x_wconf 80' lang='grc' dir='ltr'>(σοῖς,</span> <span class='ocrx_word' id='word_1_35' title='bbox 1122 563 1316 616; x_wconf 75' lang='grc' dir='ltr'>Κορνήλιε,</span> <span class='ocrx_word' id='word_1_36' title='bbox 1338 559 1483 616; x_wconf 57' lang='grc' dir='ltr'>δώροις)</span> <span class='ocrx_word' id='word_1_37' title='bbox 1517 560 1698 598; x_wconf 88' lang='lat' dir='ltr'>effectum</span> 
     </span>
     <span class='ocr_line' id='line_1_6' title="bbox 271 621 1706 676; baseline -0.002 -13"><span class='ocrx_word' id='word_1_38' title='bbox 271 621 396 670; x_wconf 84' lang='lat' dir='ltr'>docet,</span> <span class='ocrx_word' id='word_1_39' title='bbox 424 633 468 663; x_wconf 85' lang='lat' dir='ltr'>ut</span> <span class='ocrx_word' id='word_1_40' title='bbox 483 628 558 664; x_wconf 89' lang='lat' dir='ltr'>hoc</span> <span class='ocrx_word' id='word_1_41' title='bbox 577 640 692 675; x_wconf 87' lang='lat' dir='ltr'>opere</span> <span class='ocrx_word' id='word_1_42' title='bbox 711 640 839 676; x_wconf 86' lang='lat' dir='ltr'>graeco</span> <span class='ocrx_word' id='word_1_43' title='bbox 859 628 955 676; x_wconf 89' lang='lat' dir='ltr'>preli</span> <span class='ocrx_word' id='word_1_44' title='bbox 974 639 1047 675; x_wconf 91' lang='lat' dir='ltr'>ope</span> <span class='ocrx_word' id='word_1_45' title='bbox 1067 639 1248 675; x_wconf 84' lang='lat' dir='ltr'>expresso</span> <span class='ocrx_word' id='word_1_46' title='bbox 1266 626 1357 662; x_wconf 91' lang='lat' dir='ltr'>urbs</span> <span class='ocrx_word' id='word_1_47' title='bbox 1377 626 1558 674; x_wconf 89' lang='lat' dir='ltr'>princeps</span> <span class='ocrx_word' id='word_1_48' title='bbox 1572 624 1706 661; x_wconf 89' lang='lat' dir='ltr'>Roma</span> 
     </span>
     <span class='ocr_line' id='line_1_7' title="bbox 271 687 1701 735; baseline -0.001 -12"><span class='ocrx_word' id='word_1_49' title='bbox 271 689 480 735; x_wconf 88' lang='lat' dir='ltr'>opprobrio</span> <span class='ocrx_word' id='word_1_50' title='bbox 496 689 659 724; x_wconf 85' lang='lat' dir='ltr'>liberata</span> <span class='ocrx_word' id='word_1_51' title='bbox 695 689 758 731; x_wconf 90' lang='lat' dir='ltr'>sit,</span> <span class='ocrx_word' id='word_1_52' title='bbox 792 689 854 724; x_wconf 89' lang='lat' dir='ltr'>cui</span> <span class='ocrx_word' id='word_1_53' title='bbox 876 688 1051 724; x_wconf 83' lang='lat' dir='ltr'>obnoxia</span> <span class='ocrx_word' id='word_1_54' title='bbox 1079 693 1162 723; x_wconf 88' lang='lat' dir='ltr'>erat</span> <span class='ocrx_word' id='word_1_55' title='bbox 1181 700 1390 735; x_wconf 74' lang='lat' dir='ltr'>grcecorum</span> <span class='ocrx_word' id='word_1_56' title='bbox 1413 687 1585 723; x_wconf 84' lang='lat' dir='ltr'>librorum</span> <span class='ocrx_word' id='word_1_57' title='bbox 1606 687 1701 734; x_wconf 76' lang='lat' dir='ltr'>typis</span> 
     </span>
     <span class='ocr_line' id='line_1_8' title="bbox 272 747 1700 796; baseline -0.001 -11"><span class='ocrx_word' id='word_1_58' title='bbox 272 751 556 786; x_wconf 71' lang='lat' dir='ltr'><em>excudendorum</em></span> <span class='ocrx_word' id='word_1_59' title='bbox 576 750 738 785; x_wconf 88' lang='lat' dir='ltr'>incuria.</span> <span class='ocrx_word' id='word_1_60' title='bbox 792 748 1042 796; x_wconf 85' lang='lat' dir='ltr'>Lampridius</span> <span class='ocrx_word' id='word_1_61' title='bbox 1060 753 1118 784; x_wconf 87' lang='lat' dir='ltr'>est</span> <span class='ocrx_word' id='word_1_62' title='bbox 1155 749 1394 785; x_wconf 83' lang='lat' dir='ltr'><strong>Benedictus</strong></span> <span class='ocrx_word' id='word_1_63' title='bbox 1433 747 1700 796; x_wconf 82' lang='lat' dir='ltr'>Lampridius,</span> 
     </span>
     <span class='ocr_line' id='line_1_9' title="bbox 273 808 1669 856; baseline -0.001 -9"><span class='ocrx_word' id='word_1_64' title='bbox 273 811 563 854; x_wconf 83' lang='lat' dir='ltr'>Cremonensis,</span> <span class='ocrx_word' id='word_1_65' title='bbox 585 810 760 847; x_wconf 89' lang='lat' dir='ltr'>Lascaris</span> <span class='ocrx_word' id='word_1_66' title='bbox 781 809 1010 856; x_wconf 89' lang='lat' dir='ltr'>discipulus,</span> <span class='ocrx_word' id='word_1_67' title='bbox 1030 820 1148 856; x_wconf 91' lang='lat' dir='ltr'>quem</span> <span class='ocrx_word' id='word_1_68' title='bbox 1167 808 1310 844; x_wconf 90' lang='lat' dir='ltr'>Jovius</span> <span class='ocrx_word' id='word_1_69' title='bbox 1333 809 1669 846; x_wconf 87' lang='lat' dir='ltr'>commemoravit.</span> 
     </span>
    </p>

    <p class='ocr_par' dir='ltr' id='par_1_3' title="bbox 272 869 1701 1042">
     <span class='ocr_line' id='line_1_10' title="bbox 323 869 1698 918; baseline -0.001 -10"><span class='ocrx_word' id='word_1_70' title='bbox 323 873 518 908; x_wconf 77' lang='lat' dir='ltr'>Florentice</span> <span class='ocrx_word' id='word_1_71' title='bbox 540 883 764 918; x_wconf 85' lang='lat' dir='ltr'>expressum</span> <span class='ocrx_word' id='word_1_72' title='bbox 779 870 994 906; x_wconf 89' lang='lat' dir='ltr'>Pindarum</span> <span class='ocrx_word' id='word_1_73' title='bbox 1014 869 1215 905; x_wconf 86' lang='lat' dir='ltr'><strong>Fabricius</strong></span> <span class='ocrx_word' id='word_1_74' title='bbox 1233 881 1281 905; x_wconf 80' lang='lat' dir='ltr'>ex</span> <span class='ocrx_word' id='word_1_75' title='bbox 1312 869 1388 905; x_wconf 93' lang='lat' dir='ltr'>fide</span> <span class='ocrx_word' id='word_1_76' title='bbox 1406 869 1526 917; x_wconf 84' lang='lat' dir='ltr'>Conr.</span> <span class='ocrx_word' id='word_1_77' title='bbox 1543 870 1698 906; x_wconf 89' lang='lat' dir='ltr'>Gesne-</span> 
     </span>
     <span class='ocr_line' id='line_1_11' title="bbox 272 929 1701 979; baseline -0.001 -11"><span class='ocrx_word' id='word_1_78' title='bbox 272 933 304 968; x_wconf 89' lang='lat' dir='ltr'>ri</span> <span class='ocrx_word' id='word_1_79' title='bbox 327 933 386 979; x_wconf 89' lang='lat' dir='ltr'>(in</span> <span class='ocrx_word' id='word_1_80' title='bbox 418 931 607 967; x_wconf 78' lang='lat' dir='ltr'>Bibiioth.</span> <span class='ocrx_word' id='word_1_81' title='bbox 638 931 809 966; x_wconf 87' lang='lat' dir='ltr'>univers.</span> <span class='ocrx_word' id='word_1_82' title='bbox 829 942 918 979; x_wconf 86' lang='lat' dir='ltr'>pag.</span> <span class='ocrx_word' id='word_1_83' title='bbox 941 930 1030 966; x_wconf 85' lang='lat'>563.</span> <span class='ocrx_word' id='word_1_84' title='bbox 1035 930 1079 976; x_wconf 85' lang='lat'>)⁴</span> <span class='ocrx_word' id='word_1_85' title='bbox 1087 935 1305 977; x_wconf 80' lang='lat' dir='ltr'>memorat3</span> <span class='ocrx_word' id='word_1_86' title='bbox 1337 929 1401 966; x_wconf 90' lang='lat' dir='ltr'>sed</span> <span class='ocrx_word' id='word_1_87' title='bbox 1424 941 1640 978; x_wconf 84' lang='lat' dir='ltr'>perperam,</span> <span class='ocrx_word' id='word_1_88' title='bbox 1661 931 1701 967; x_wconf 92' lang='lat' dir='ltr'>id</span> 
     </span>
     <span class='ocr_line' id='line_1_12' title="bbox 275 990 1098 1042; baseline -0.006 -12"><span class='ocrx_word' id='word_1_89' title='bbox 275 993 376 1042; x_wconf 90' lang='lat' dir='ltr'>quod</span> <span class='ocrx_word' id='word_1_90' title='bbox 393 993 487 1029; x_wconf 89' lang='lat' dir='ltr'>mihi</span> <span class='ocrx_word' id='word_1_91' title='bbox 505 1003 606 1028; x_wconf 90' lang='lat' dir='ltr'>nunc</span> <span class='ocrx_word' id='word_1_92' title='bbox 623 992 716 1027; x_wconf 89' lang='lat' dir='ltr'>satis</span> <span class='ocrx_word' id='word_1_93' title='bbox 736 997 913 1027; x_wconf 85' lang='lat' dir='ltr'>constare</span> <span class='ocrx_word' id='word_1_94' title='bbox 932 990 1098 1027; x_wconf 84' lang='lat' dir='ltr'>videtur.</span> 
     </span>
    </p>

    <p class='ocr_par' dir='ltr' id='par_1_4' title="bbox 329 1051 1705 1100">
     <span class='ocr_line' id='line_1_13' title="bbox 329 1051 1705 1100; baseline 0 -10"><span class='ocrx_word' id='word_1_95' title='bbox 329 1055 514 1091; x_wconf 81' lang='lat' dir='ltr'>Pindarus</span> <span class='ocrx_word' id='word_1_96' title='bbox 524 1066 579 1100; x_wconf 81' lang='lat' dir='ltr'>gr.</span> <span class='ocrx_word' id='word_1_97' title='bbox 589 1054 664 1088; x_wconf 84' lang='lat' dir='ltr'>sine</span> <span class='ocrx_word' id='word_1_98' title='bbox 676 1053 830 1089; x_wconf 75' lang='lat' dir='ltr'><strong>scholiis.</strong></span> <span class='ocrx_word' id='word_1_99' title='bbox 859 1052 1036 1094; x_wconf 82' lang='lat' dir='ltr'>Basileae,</span> <span class='ocrx_word' id='word_1_100' title='bbox 1051 1063 1120 1099; x_wconf 90' lang='lat' dir='ltr'>per</span> <span class='ocrx_word' id='word_1_101' title='bbox 1132 1051 1231 1088; x_wconf 85' lang='lat' dir='ltr'>And.</span> <span class='ocrx_word' id='word_1_102' title='bbox 1253 1052 1524 1089; x_wconf 89' lang='lat' dir='ltr'>Cratandrum.</span> <span class='ocrx_word' id='word_1_103' title='bbox 1540 1053 1651 1091; x_wconf 85' lang='grc'><strong>1526.</strong></span> <span class='ocrx_word' id='word_1_104' title='bbox 1667 1055 1705 1091; x_wconf 91' lang='grc'>8.</span> 
     </span>
    </p>

    <p class='ocr_par' dir='ltr' id='par_1_5' title="bbox 272 1111 1705 1469">
     <span class='ocr_line' id='line_1_14' title="bbox 328 1111 1701 1162; baseline 0.001 -11"><span class='ocrx_word' id='word_1_105' title='bbox 328 1115 662 1151; x_wconf 85' lang='lat' dir='ltr'>Emendatissima</span> <span class='ocrx_word' id='word_1_106' title='bbox 693 1113 827 1156; x_wconf 89' lang='lat' dir='ltr'>editio,</span> <span class='ocrx_word' id='word_1_107' title='bbox 849 1113 895 1148; x_wconf 86' lang='lat' dir='ltr'>ad</span> <span class='ocrx_word' id='word_1_108' title='bbox 917 1113 1117 1160; x_wconf 84' lang='lat' dir='ltr'>exemplar</span> <span class='ocrx_word' id='word_1_109' title='bbox 1136 1111 1366 1148; x_wconf 81' lang='lat' dir='ltr'>Romanum</span> <span class='ocrx_word' id='word_1_110' title='bbox 1398 1112 1481 1149; x_wconf 90' lang='lat' dir='ltr'>Jac.</span> <span class='ocrx_word' id='word_1_111' title='bbox 1514 1114 1701 1162; x_wconf 91' lang='lat' dir='ltr'>Ceporini</span> 
     </span>
     <span class='ocr_line' id='line_1_15' title="bbox 272 1173 1699 1225; baseline -0.001 -12"><span class='ocrx_word' id='word_1_112' title='bbox 272 1189 388 1225; x_wconf 90' lang='lat' dir='ltr'>opera</span> <span class='ocrx_word' id='word_1_113' title='bbox 407 1175 674 1218; x_wconf 88' lang='lat' dir='ltr'>emendatum,</span> <span class='ocrx_word' id='word_1_114' title='bbox 695 1179 919 1223; x_wconf 86' lang='lat' dir='ltr'>comparata</span> <span class='ocrx_word' id='word_1_115' title='bbox 933 1185 1089 1221; x_wconf 90' lang='lat' dir='ltr'>quoque</span> <span class='ocrx_word' id='word_1_116' title='bbox 1106 1173 1246 1209; x_wconf 83' lang='lat' dir='ltr'>Aldina</span> <span class='ocrx_word' id='word_1_117' title='bbox 1266 1174 1451 1211; x_wconf 87' lang='lat' dir='ltr'>editione.</span> <span class='ocrx_word' id='word_1_118' title='bbox 1506 1174 1699 1212; x_wconf 85' lang='lat' dir='ltr'>Praefatus</span> 
     </span>
     <span class='ocr_line' id='line_1_16' title="bbox 273 1235 1703 1286; baseline 0.001 -14"><span class='ocrx_word' id='word_1_119' title='bbox 273 1244 331 1273; x_wconf 89' lang='lat' dir='ltr'>est</span> <span class='ocrx_word' id='word_1_120' title='bbox 352 1236 564 1272; x_wconf 90' lang='lat' dir='ltr'>Huldricus</span> <span class='ocrx_word' id='word_1_121' title='bbox 585 1236 805 1286; x_wconf 84' lang='lat' dir='ltr'>Zwinglius</span> <span class='ocrx_word' id='word_1_122' title='bbox 826 1236 918 1272; x_wconf 86' lang='lat' dir='ltr'>satis</span> <span class='ocrx_word' id='word_1_123' title='bbox 939 1246 1073 1283; x_wconf 87' lang='lat' dir='ltr'>aequus</span> <span class='ocrx_word' id='word_1_124' title='bbox 1094 1247 1162 1283; x_wconf 93' lang='lat' dir='ltr'>pro</span> <span class='ocrx_word' id='word_1_125' title='bbox 1183 1235 1372 1284; x_wconf 83' lang='lat' dir='ltr'>theologo</span> <span class='ocrx_word' id='word_1_126' title='bbox 1392 1236 1434 1272; x_wconf 89' lang='lat' dir='ltr'>in</span> <span class='ocrx_word' id='word_1_127' title='bbox 1452 1235 1703 1275; x_wconf 88' lang='lat' dir='ltr'>Pindaricam</span> 
     </span>
     <span class='ocr_line' id='line_1_17' title="bbox 272 1293 1704 1347; baseline 0.001 -13"><span class='ocrx_word' id='word_1_128' title='bbox 272 1298 430 1335; x_wconf 85' lang='lat' dir='ltr'>Musam</span> <span class='ocrx_word' id='word_1_129' title='bbox 454 1303 492 1334; x_wconf 91' lang='lat' dir='ltr'>et</span> <span class='ocrx_word' id='word_1_130' title='bbox 511 1298 694 1346; x_wconf 86' lang='lat' dir='ltr'>pietatem</span> <span class='ocrx_word' id='word_1_131' title='bbox 712 1313 722 1343; x_wconf 81' lang='lat'><em>3</em></span> <span class='ocrx_word' id='word_1_132' title='bbox 754 1297 858 1333; x_wconf 90' lang='lat' dir='ltr'>idem</span> <span class='ocrx_word' id='word_1_133' title='bbox 878 1297 920 1332; x_wconf 91' lang='lat' dir='ltr'>in</span> <span class='ocrx_word' id='word_1_134' title='bbox 942 1296 1099 1346; x_wconf 82' lang='lat' dir='ltr'>epilogo</span> <span class='ocrx_word' id='word_1_135' title='bbox 1120 1293 1304 1341; x_wconf 85' lang='lat' dir='ltr'>adjuncto</span> <span class='ocrx_word' id='word_1_136' title='bbox 1325 1302 1504 1345; x_wconf 89' lang='lat' dir='ltr'>parentat</span> <span class='ocrx_word' id='word_1_137' title='bbox 1521 1298 1704 1347; x_wconf 91' lang='lat' dir='ltr'>Ceporini</span> 
     </span>
     <span class='ocr_line' id='line_1_18' title="bbox 273 1357 1704 1407; baseline 0.001 -11"><span class='ocrx_word' id='word_1_138' title='bbox 273 1361 485 1402; x_wconf 68' lang='lat' dir='ltr'>memoriae,</span> <span class='ocrx_word' id='word_1_139' title='bbox 506 1360 573 1407; x_wconf 90' lang='lat' dir='ltr'>qui</span> <span class='ocrx_word' id='word_1_140' title='bbox 593 1371 708 1407; x_wconf 89' lang='lat' dir='ltr'>opere</span> <span class='ocrx_word' id='word_1_141' title='bbox 741 1359 809 1394; x_wconf 81' lang='lat' dir='ltr'>vix</span> <span class='ocrx_word' id='word_1_142' title='bbox 842 1358 1049 1407; x_wconf 87' lang='lat' dir='ltr'>profligato</span> <span class='ocrx_word' id='word_1_143' title='bbox 1070 1369 1203 1394; x_wconf 90' lang='lat' dir='ltr'>mense</span> <span class='ocrx_word' id='word_1_144' title='bbox 1224 1357 1413 1394; x_wconf 88' lang='lat' dir='ltr'>Decemb.</span> <span class='ocrx_word' id='word_1_145' title='bbox 1436 1360 1550 1396; x_wconf 79' lang='lat'>1525.</span> <span class='ocrx_word' id='word_1_146' title='bbox 1583 1362 1704 1398; x_wconf 86' lang='lat' dir='ltr'>studii</span> 
     </span>
     <span class='ocr_line' id='line_1_19' title="bbox 274 1419 1705 1469; baseline 0.001 -11"><span class='ocrx_word' id='word_1_147' title='bbox 274 1422 570 1469; x_wconf 85' lang='lat' dir='ltr'>intemperantia</span> <span class='ocrx_word' id='word_1_148' title='bbox 587 1420 750 1456; x_wconf 88' lang='lat' dir='ltr'>obierat.</span> <span class='ocrx_word' id='word_1_149' title='bbox 791 1419 981 1455; x_wconf 89' lang='lat' dir='ltr'>Nondum</span> <span class='ocrx_word' id='word_1_150' title='bbox 1002 1431 1131 1456; x_wconf 89' lang='lat' dir='ltr'>annus</span> <span class='ocrx_word' id='word_1_151' title='bbox 1153 1420 1312 1463; x_wconf 85' lang='lat' dir='ltr'>exierat,</span> <span class='ocrx_word' id='word_1_152' title='bbox 1329 1432 1375 1456; x_wconf 82' lang='lat' dir='ltr'>ex</span> <span class='ocrx_word' id='word_1_153' title='bbox 1390 1431 1467 1468; x_wconf 92' lang='lat' dir='ltr'>quo</span> <span class='ocrx_word' id='word_1_154' title='bbox 1488 1421 1705 1469; x_wconf 87' lang='lat' dir='ltr'>Gymnasio</span> 
     </span>
    </p>
   </div>
   <div class='ocr_carea' id='block_1_3' title="bbox 272 1480 1705 1533">
    <p class='ocr_par' dir='ltr' id='par_1_6' title="bbox 272 1480 1705 1533">
     <span class='ocr_line' id='line_1_20' title="bbox 272 1480 1705 1533; baseline 0 -13"><span class='ocrx_word' id='word_1_155' title='bbox 272 1484 466 1533; x_wconf 86' lang='lat' dir='ltr'>Tigurino</span> <span class='ocrx_word' id='word_1_156' title='bbox 476 1483 692 1520; x_wconf 87' lang='lat' dir='ltr'>litterarum</span> <span class='ocrx_word' id='word_1_157' title='bbox 702 1493 917 1532; x_wconf 84' lang='lat' dir='ltr'>graecarum</span> <span class='ocrx_word' id='word_1_158' title='bbox 933 1480 1135 1518; x_wconf 86' lang='lat' dir='ltr'>Professor</span> <span class='ocrx_word' id='word_1_159' title='bbox 1149 1481 1398 1518; x_wconf 85' lang='lat' dir='ltr'>renuntiatus</span> <span class='ocrx_word' id='word_1_160' title='bbox 1413 1481 1552 1519; x_wconf 82' lang='lat' dir='ltr'>fuerat.</span> <span class='ocrx_word' id='word_1_161' title='bbox 1564 1482 1614 1520; x_wconf 83' lang='lat' dir='ltr'>ef.</span> <span class='ocrx_word' id='word_1_162' title='bbox 1631 1484 1705 1521; x_wconf 86' lang='lat' dir='ltr'>inf.</span> 
     </span>
    </p>
   </div>
   <div class='ocr_carea' id='block_1_4' title="bbox 274 1545 1703 1647">
    <p class='ocr_par' dir='ltr' id='par_1_7' title="bbox 274 1545 1703 1647">
     <span class='ocr_line' id='line_1_21' title="bbox 274 1545 1703 1647; baseline 0 -12"><span class='ocrx_word' id='word_1_163' title='bbox 274 1545 640 1647; x_wconf 39' lang='lat' dir='ltr'>adljiffz‘culgrigblymp.</span> <span class='ocrx_word' id='word_1_164' title='bbox 661 1599 810 1646; x_wconf 76' lang='lat' dir='ltr'>hymnus</span> <span class='ocrx_word' id='word_1_165' title='bbox 822 1599 963 1646; x_wconf 84' lang='lat' dir='ltr'>primus</span> <span class='ocrx_word' id='word_1_166' title='bbox 983 1602 1016 1634; x_wconf 76' lang='lat' dir='ltr'>et</span> <span class='ocrx_word' id='word_1_167' title='bbox 1026 1598 1202 1634; x_wconf 81' lang='lat' dir='ltr'>secundus</span> <span class='ocrx_word' id='word_1_168' title='bbox 1223 1599 1411 1634; x_wconf 75' lang='lat' dir='ltr'>latinitate</span> <span class='ocrx_word' id='word_1_169' title='bbox 1427 1598 1567 1641; x_wconf 82' lang='lat' dir='ltr'>donati,</span> <span class='ocrx_word' id='word_1_170' title='bbox 1584 1597 1703 1635; x_wconf 91' lang='lat' dir='ltr'>Men-</span> 
     </span>
    </p>
   </div>
   <div class='ocr_carea' id='block_1_5' title="bbox 270 1661 1707 2326">
    <p class='ocr_par' dir='ltr' id='par_1_8' title="bbox 270 1661 1707 2326">
     <span class='ocr_line' id='line_1_22' title="bbox 377 1661 1702 1710; baseline -0.001 -11"><span class='ocrx_word' id='word_1_171' title='bbox 377 1663 470 1700; x_wconf 84' lang='lat' dir='ltr'>rado</span> <span class='ocrx_word' id='word_1_172' title='bbox 488 1662 688 1699; x_wconf 81' lang='lat' dir='ltr'>Molthero</span> <span class='ocrx_word' id='word_1_173' title='bbox 709 1663 915 1710; x_wconf 84' lang='lat' dir='ltr'>Interprete</span> <span class='ocrx_word' id='word_1_174' title='bbox 930 1662 1038 1698; x_wconf 75' lang='lat' dir='ltr'>simul</span> <span class='ocrx_word' id='word_1_175' title='bbox 1057 1665 1092 1697; x_wconf 79' lang='lat' dir='ltr'>et</span> <span class='ocrx_word' id='word_1_176' title='bbox 1103 1661 1362 1710; x_wconf 78' lang='lat' dir='ltr'>paraphraste,</span> <span class='ocrx_word' id='word_1_177' title='bbox 1383 1662 1483 1710; x_wconf 81' lang='lat' dir='ltr'>apud</span> <span class='ocrx_word' id='word_1_178' title='bbox 1505 1662 1702 1698; x_wconf 85' lang='lat' dir='ltr'>Henricum</span> 
     </span>
     <span class='ocr_line' id='line_1_23' title="bbox 384 1724 1417 1775; baseline -0.001 -12"><span class='ocrx_word' id='word_1_179' title='bbox 384 1728 497 1763; x_wconf 84' lang='lat' dir='ltr'>Gran.</span> <span class='ocrx_word' id='word_1_180' title='bbox 520 1725 739 1775; x_wconf 85' lang='lat' dir='ltr'>Hagenoae,</span> <span class='ocrx_word' id='word_1_181' title='bbox 762 1726 873 1765; x_wconf 88' lang='lat'>1527.</span> <span class='ocrx_word' id='word_1_182' title='bbox 894 1725 933 1762; x_wconf 83' lang='lat'>8.</span> <span class='ocrx_word' id='word_1_183' title='bbox 953 1724 1086 1762; x_wconf 87' lang='lat' dir='ltr'>Maitt.</span> <span class='ocrx_word' id='word_1_184' title='bbox 1106 1730 1134 1762; x_wconf 90' lang='lat' dir='ltr'>t.</span> <span class='ocrx_word' id='word_1_185' title='bbox 1153 1726 1194 1761; x_wconf 91' lang='lat' dir='ltr'>ii.</span> <span class='ocrx_word' id='word_1_186' title='bbox 1217 1738 1306 1775; x_wconf 87' lang='lat' dir='ltr'>pag.</span> <span class='ocrx_word' id='word_1_187' title='bbox 1328 1726 1417 1763; x_wconf 87' lang='lat'>690.</span> 
     </span>
     <span class='ocr_line' id='line_1_24' title="bbox 444 1786 1705 1835; baseline -0.002 -11"><span class='ocrx_word' id='word_1_188' title='bbox 444 1789 630 1824; x_wconf 79' lang='lat' dir='ltr'>eversione</span> <span class='ocrx_word' id='word_1_189' title='bbox 639 1788 698 1824; x_wconf 93' lang='lat' dir='ltr'>Jo.</span> <span class='ocrx_word' id='word_1_190' title='bbox 718 1788 887 1823; x_wconf 82' lang='lat' dir='ltr'>Loniceri</span> <span class='ocrx_word' id='word_1_191' title='bbox 908 1788 1025 1823; x_wconf 79' lang='lat' dir='ltr'>latina</span> <span class='ocrx_word' id='word_1_192' title='bbox 1039 1787 1264 1835; x_wconf 84' lang='lat' dir='ltr'>(prosaica).</span> <span class='ocrx_word' id='word_1_193' title='bbox 1296 1786 1473 1829; x_wconf 86' lang='lat' dir='ltr'>Basileae,</span> <span class='ocrx_word' id='word_1_194' title='bbox 1493 1786 1607 1823; x_wconf 81' lang='lat'>1528.</span> <span class='ocrx_word' id='word_1_195' title='bbox 1621 1786 1705 1823; x_wconf 79' lang='lat' dir='ltr'>8.et</span> 
     </span>
     <span class='ocr_line' id='line_1_25' title="bbox 364 1848 1704 1895; baseline -0.002 -9"><span class='ocrx_word' id='word_1_196' title='bbox 364 1862 407 1886; x_wconf 73' lang='lat' dir='ltr'>ecc</span> <span class='ocrx_word' id='word_1_197' title='bbox 419 1851 535 1885; x_wconf 80' lang='lat' dir='ltr'>altera</span> <span class='ocrx_word' id='word_1_198' title='bbox 550 1851 762 1891; x_wconf 79' lang='lat' dir='ltr'>recensione,</span> <span class='ocrx_word' id='word_1_199' title='bbox 772 1861 851 1884; x_wconf 78' lang='lat' dir='ltr'>cum</span> <span class='ocrx_word' id='word_1_200' title='bbox 865 1849 1152 1885; x_wconf 75' lang='lat' dir='ltr'>enarrationibus</span> <span class='ocrx_word' id='word_1_201' title='bbox 1166 1860 1184 1884; x_wconf 83' lang='lat' dir='ltr'>e</span> <span class='ocrx_word' id='word_1_202' title='bbox 1196 1849 1321 1895; x_wconf 73' lang='lat' dir='ltr'>graecz&#39;s</span> <span class='ocrx_word' id='word_1_203' title='bbox 1351 1848 1495 1884; x_wconf 80' lang='lat' dir='ltr'>scholiis·</span> <span class='ocrx_word' id='word_1_204' title='bbox 1511 1852 1546 1884; x_wconf 80' lang='lat' dir='ltr'>et</span> <span class='ocrx_word' id='word_1_205' title='bbox 1559 1849 1704 1895; x_wconf 78' lang='lat' dir='ltr'>optimis</span> 
     </span>
     <span class='ocr_line' id='line_1_26' title="bbox 371 1907 1707 1959; baseline 0 -12"><span class='ocrx_word' id='word_1_206' title='bbox 371 1911 562 1959; x_wconf 82' lang='lat' dir='ltr'>quibusque</span> <span class='ocrx_word' id='word_1_207' title='bbox 573 1912 767 1958; x_wconf 76' lang='lat' dir='ltr'>utriusque</span> <span class='ocrx_word' id='word_1_208' title='bbox 778 1911 915 1958; x_wconf 79' lang='lat' dir='ltr'>Zinguce</span> <span class='ocrx_word' id='word_1_209' title='bbox 927 1910 1132 1946; x_wconf 77' lang='lat' dir='ltr'>auctoribus</span> <span class='ocrx_word' id='word_1_210' title='bbox 1142 1911 1330 1957; x_wconf 77' lang='lat' dir='ltr'>decerptis.</span> <span class='ocrx_word' id='word_1_211' title='bbox 1345 1907 1463 1945; x_wconf 87' lang='lat' dir='ltr'>Basil.</span> <span class='ocrx_word' id='word_1_212' title='bbox 1479 1908 1639 1946; x_wconf 83' lang='lat'>1535.4.</span> <span class='ocrx_word' id='word_1_213' title='bbox 1650 1910 1707 1958; x_wconf 85' lang='lat' dir='ltr'>(et</span> 
     </span>
     <span class='ocr_line' id='line_1_27' title="bbox 376 1968 1707 2019; baseline -0.002 -11"><span class='ocrx_word' id='word_1_214' title='bbox 376 1968 572 2017; x_wconf 87' lang='lat' dir='ltr'>fortejam</span> <span class='ocrx_word' id='word_1_215' title='bbox 591 1971 708 2007; x_wconf 83' lang='lat'>1532.</span> <span class='ocrx_word' id='word_1_216' title='bbox 729 1970 931 2019; x_wconf 51' lang='lat' dir='ltr'>quofanno</span> <span class='ocrx_word' id='word_1_217' title='bbox 947 1971 1108 2019; x_wconf 86' lang='lat' dir='ltr'>praefixa</span> <span class='ocrx_word' id='word_1_218' title='bbox 1121 1971 1298 2019; x_wconf 73' lang='lat' dir='ltr'>epistola,</span> <span class='ocrx_word' id='word_1_219' title='bbox 1311 1971 1352 2007; x_wconf 90' lang='lat' dir='ltr'>in</span> <span class='ocrx_word' id='word_1_220' title='bbox 1368 1981 1472 2018; x_wconf 89' lang='lat' dir='ltr'>seqq.</span> <span class='ocrx_word' id='word_1_221' title='bbox 1489 1969 1575 2006; x_wconf 82' lang='lat' dir='ltr'>edd.</span> <span class='ocrx_word' id='word_1_222' title='bbox 1597 1981 1707 2018; x_wconf 91' lang='lat' dir='ltr'>repe·</span> 
     </span>
     <span class='ocr_line' id='line_1_28' title="bbox 378 2028 1704 2081; baseline -0.002 -13"><span class='ocrx_word' id='word_1_223' title='bbox 378 2033 463 2074; x_wconf 83' lang='lat' dir='ltr'>tita,</span> <span class='ocrx_word' id='word_1_224' title='bbox 486 2032 627 2079; x_wconf 87' lang='lat' dir='ltr'>scripta</span> <span class='ocrx_word' id='word_1_225' title='bbox 647 2031 737 2078; x_wconf 87' lang='lat' dir='ltr'>est.)</span> <span class='ocrx_word' id='word_1_226' title='bbox 760 2033 891 2067; x_wconf 78' lang='lat' dir='ltr'>iterum</span> <span class='ocrx_word' id='word_1_227' title='bbox 911 2044 1052 2069; x_wconf 67' lang='lat' dir='ltr'>excusae</span> <span class='ocrx_word' id='word_1_228' title='bbox 1069 2032 1209 2081; x_wconf 86' lang='lat' dir='ltr'>Tiguri</span> <span class='ocrx_word' id='word_1_229' title='bbox 1237 2032 1348 2067; x_wconf 78' lang='lat'>1543.</span> <span class='ocrx_word' id='word_1_230' title='bbox 1365 2036 1404 2067; x_wconf 89' lang='lat' dir='ltr'>et</span> <span class='ocrx_word' id='word_1_231' title='bbox 1426 2030 1537 2067; x_wconf 83' lang='lat'>1560.</span> <span class='ocrx_word' id='word_1_232' title='bbox 1557 2030 1593 2066; x_wconf 87' lang='lat'>8.</span> <span class='ocrx_word' id='word_1_233' title='bbox 1610 2028 1704 2076; x_wconf 89' lang='lat' dir='ltr'>maj.</span> 
     </span>
     <span class='ocr_line' id='line_1_29' title="bbox 323 2091 1704 2140; baseline -0.001 -11"><span class='ocrx_word' id='word_1_234' title='bbox 323 2093 397 2129; x_wconf 86' lang='lat' dir='ltr'>Est</span> <span class='ocrx_word' id='word_1_235' title='bbox 434 2093 517 2129; x_wconf 89' lang='lat' dir='ltr'>haec</span> <span class='ocrx_word' id='word_1_236' title='bbox 536 2093 662 2140; x_wconf 87' lang='lat' dir='ltr'>prima</span> <span class='ocrx_word' id='word_1_237' title='bbox 691 2093 819 2128; x_wconf 89' lang='lat' dir='ltr'>versio</span> <span class='ocrx_word' id='word_1_238' title='bbox 838 2093 964 2128; x_wconf 86' lang='lat' dir='ltr'>latina</span> <span class='ocrx_word' id='word_1_239' title='bbox 983 2092 1172 2129; x_wconf 85' lang='lat' dir='ltr'>Pindari:</span> <span class='ocrx_word' id='word_1_240' title='bbox 1204 2094 1267 2129; x_wconf 89' lang='lat' dir='ltr'>cui</span> <span class='ocrx_word' id='word_1_241' title='bbox 1305 2092 1485 2139; x_wconf 87' lang='lat' dir='ltr'>deinceps</span> <span class='ocrx_word' id='word_1_242' title='bbox 1522 2091 1704 2128; x_wconf 87' lang='lat' dir='ltr'>meliores</span> 
     </span>
     <span class='ocr_line' id='line_1_30' title="bbox 275 2151 1706 2202; baseline -0.003 -10"><span class='ocrx_word' id='word_1_243' title='bbox 275 2165 505 2192; x_wconf 85' lang='lat' dir='ltr'>successere</span> <span class='ocrx_word' id='word_1_244' title='bbox 562 2152 802 2189; x_wconf 87' lang='lat' dir='ltr'>Lonicerum</span> <span class='ocrx_word' id='word_1_245' title='bbox 834 2153 881 2189; x_wconf 90' lang='lat' dir='ltr'>de</span> <span class='ocrx_word' id='word_1_246' title='bbox 901 2154 1070 2202; x_wconf 83' lang='lat' dir='ltr'>singulis</span> <span class='ocrx_word' id='word_1_247' title='bbox 1091 2154 1218 2190; x_wconf 91' lang='lat' dir='ltr'>verbis</span> <span class='ocrx_word' id='word_1_248' title='bbox 1238 2154 1382 2202; x_wconf 89' lang='lat' dir='ltr'>potius,</span> <span class='ocrx_word' id='word_1_249' title='bbox 1413 2163 1531 2200; x_wconf 85' lang='lat' dir='ltr'>quam</span> <span class='ocrx_word' id='word_1_250' title='bbox 1551 2151 1599 2188; x_wconf 90' lang='lat' dir='ltr'>de</span> <span class='ocrx_word' id='word_1_251' title='bbox 1614 2163 1706 2188; x_wconf 91' lang='lat' dir='ltr'>sen-</span> 
     </span>
     <span class='ocr_line' id='line_1_31' title="bbox 270 2212 1703 2287; baseline -0.003 -34"><span class='ocrx_word' id='word_1_252' title='bbox 270 2216 405 2253; x_wconf 86' lang='lat' dir='ltr'>tentiis</span> <span class='ocrx_word' id='word_1_253' title='bbox 425 2215 545 2250; x_wconf 88' lang='lat' dir='ltr'>fuisse</span> <span class='ocrx_word' id='word_1_254' title='bbox 564 2214 821 2259; x_wconf 86' lang='lat' dir='ltr'>sollicitum,</span> <span class='ocrx_word' id='word_1_255' title='bbox 812 2215 859 2251; x_wconf 75' lang='lat' dir='ltr'>iis</span> <span class='ocrx_word' id='word_1_256' title='bbox 874 2215 1033 2264; x_wconf 90' lang='lat' dir='ltr'>quidem</span> <span class='ocrx_word' id='word_1_257' title='bbox 1069 2216 1180 2260; x_wconf 90' lang='lat' dir='ltr'>locis,</span> <span class='ocrx_word' id='word_1_258' title='bbox 1201 2227 1288 2264; x_wconf 88' lang='lat' dir='ltr'>quae</span> <span class='ocrx_word' id='word_1_259' title='bbox 1307 2214 1566 2287; x_wconf 78' lang='lat' dir='ltr'>inspeximUS,</span> <span class='ocrx_word' id='word_1_260' title='bbox 1586 2212 1703 2250; x_wconf 86' lang='lat' dir='ltr'>facile</span> 
     </span>
     <span class='ocr_line' id='line_1_32' title="bbox 271 2278 628 2326; baseline -0.009 -11"><span class='ocrx_word' id='word_1_261' title='bbox 271 2278 446 2326; x_wconf 83' lang='lat' dir='ltr'>intelligi</span> <span class='ocrx_word' id='word_1_262' title='bbox 466 2282 628 2325; x_wconf 89' lang='lat' dir='ltr'>poterat.</span> 
     </span>
    </p>
   </div>
   <div class='ocr_carea' id='block_1_6' title="bbox 324 2336 1694 2446">
    <p class='ocr_par' dir='ltr' id='par_1_9' title="bbox 324 2336 1694 2446">
     <span class='ocr_line' id='line_1_33' title="bbox 324 2336 1694 2387; baseline -0.002 -10"><span class='ocrx_word' id='word_1_263' title='bbox 324 2340 455 2377; x_wconf 76' lang='lat' dir='ltr'>Italice</span> <span class='ocrx_word' id='word_1_264' title='bbox 471 2350 572 2374; x_wconf 73' lang='lat' dir='ltr'>versa</span> <span class='ocrx_word' id='word_1_265' title='bbox 593 2338 694 2373; x_wconf 75' lang='lat' dir='ltr'>Pisce</span> <span class='ocrx_word' id='word_1_266' title='bbox 720 2338 831 2376; x_wconf 89' lang='lat'>1531.</span> <span class='ocrx_word' id='word_1_267' title='bbox 836 2339 878 2387; x_wconf 84' lang='lat' dir='ltr'>f.</span> <span class='ocrx_word' id='word_1_268' title='bbox 899 2341 1061 2377; x_wconf 79' lang='lat' dir='ltr'>Pindari</span> <span class='ocrx_word' id='word_1_269' title='bbox 1077 2342 1239 2378; x_wconf 79' lang='lat' dir='ltr'>carmina</span> <span class='ocrx_word' id='word_1_270' title='bbox 1257 2337 1405 2376; x_wconf 87' lang='lat' dir='ltr'>narrari</span> <span class='ocrx_word' id='word_1_271' title='bbox 1441 2336 1586 2374; x_wconf 87' lang='lat' dir='ltr'>video</span> <span class='ocrx_word' id='word_1_272' title='bbox 1578 2365 1586 2373; x_wconf 93' lang='lat'>.</span> <span class='ocrx_word' id='word_1_273' title='bbox 1626 2337 1694 2374; x_wconf 90' lang='lat' dir='ltr'>sed</span> 
     </span>
     <span class='ocr_line' id='line_1_34' title="bbox 376 2400 1012 2446; baseline 0.002 -9"><span class='ocrx_word' id='word_1_274' title='bbox 376 2403 557 2446; x_wconf 88' lang='lat' dir='ltr'>corrupto</span> <span class='ocrx_word' id='word_1_275' title='bbox 578 2410 754 2436; x_wconf 88' lang='lat' dir='ltr'>numero.</span> <span class='ocrx_word' id='word_1_276' title='bbox 775 2412 811 2436; x_wconf 76' lang='lat' dir='ltr'>V.</span> <span class='ocrx_word' id='word_1_277' title='bbox 826 2400 874 2436; x_wconf 90' lang='lat' dir='ltr'>ad</span> <span class='ocrx_word' id='word_1_278' title='bbox 899 2401 1012 2438; x_wconf 87' lang='lat'>1631.</span> 
     </span>
    </p>
   </div>
   <div class='ocr_carea' id='block_1_7' title="bbox 326 1810 433 1817">
    <p class='ocr_par' dir='ltr' id='par_1_10' title="bbox 326 1810 433 1817">
     <span class='ocr_line' id='line_1_35' title="bbox 326 1810 433 1817; baseline 0 0"><span class='ocrx_word' id='word_1_279' title='bbox 326 1810 433 1817; x_wconf 95' lang='lat' dir='ltr'> </span> 
     </span>
    </p>
   </div>
   <div class='ocr_carea' id='block_1_8' title="bbox 322 2481 428 2491">
    <p class='ocr_par' dir='ltr' id='par_1_11' title="bbox 322 2481 428 2491">
     <span class='ocr_line' id='line_1_36' title="bbox 322 2481 428 2491; baseline 0 646"><span class='ocrx_word' id='word_1_280' title='bbox 322 2481 428 2491; x_wconf 95' lang='lat' dir='ltr'> </span> 
     </span>
    </p>
   </div>
   <div class='ocr_carea' id='block_1_9' title="bbox 376 2460 1702 2572">
    <p class='ocr_par' dir='ltr' id='par_1_12' title="bbox 376 2460 1702 2572">
     <span class='ocr_line' id='line_1_37' title="bbox 449 2460 1702 2510; baseline 0.002 -16"><span class='ocrx_word' id='word_1_281' title='bbox 449 2460 616 2507; x_wconf 77' lang='lat' dir='ltr'>Olympia</span> <span class='ocrx_word' id='word_1_282' title='bbox 633 2464 667 2495; x_wconf 84' lang='lat' dir='ltr'>et</span> <span class='ocrx_word' id='word_1_283' title='bbox 702 2461 839 2508; x_wconf 75' lang='lat' dir='ltr'>Pythia</span> <span class='ocrx_word' id='word_1_284' title='bbox 869 2474 1004 2508; x_wconf 79' lang='lat' dir='ltr'>grcece.</span> <span class='ocrx_word' id='word_1_285' title='bbox 1050 2462 1210 2499; x_wconf 89' lang='lat' dir='ltr'>Parisiis</span> <span class='ocrx_word' id='word_1_286' title='bbox 1248 2460 1351 2510; x_wconf 90' lang='lat' dir='ltr'>apud</span> <span class='ocrx_word' id='word_1_287' title='bbox 1370 2460 1546 2497; x_wconf 89' lang='lat' dir='ltr'>Wechel.</span> <span class='ocrx_word' id='word_1_288' title='bbox 1583 2461 1702 2498; x_wconf 87' lang='grc'><strong>1535.</strong></span> 
     </span>
     <span class='ocr_line' id='line_1_38' title="bbox 376 2519 1423 2572; baseline -0.002 -14"><span class='ocrx_word' id='word_1_289' title='bbox 376 2522 413 2559; x_wconf 89' lang='grc'>8.</span> <span class='ocrx_word' id='word_1_290' title='bbox 439 2519 660 2557; x_wconf 81' lang='lat' dir='ltr'>Memorata</span> <span class='ocrx_word' id='word_1_291' title='bbox 678 2520 759 2556; x_wconf 90' lang='lat' dir='ltr'>vidi</span> <span class='ocrx_word' id='word_1_292' title='bbox 777 2521 818 2556; x_wconf 90' lang='lat' dir='ltr'>in</span> <span class='ocrx_word' id='word_1_293' title='bbox 839 2521 1032 2572; x_wconf 85' lang='lat' dir='ltr'>Catalogo</span> <span class='ocrx_word' id='word_1_294' title='bbox 1053 2523 1239 2560; x_wconf 89' lang='lat' dir='ltr'>biblioth.</span> <span class='ocrx_word' id='word_1_295' title='bbox 1266 2520 1423 2559; x_wconf 86' lang='lat' dir='ltr'>Askew.</span> 
     </span>
    </p>
   </div>
   <div class='ocr_carea' id='block_1_10' title="bbox 377 2580 1702 2680">
    <p class='ocr_par' dir='ltr' id='par_1_13' title="bbox 377 2580 1702 2680">
     <span class='ocr_line' id='line_1_39' title="bbox 442 2580 1702 2633; baseline 0 -16"><span class='ocrx_word' id='word_1_296' title='bbox 442 2594 502 2629; x_wconf 87' lang='lat' dir='ltr'>gr.</span> <span class='ocrx_word' id='word_1_297' title='bbox 535 2592 613 2617; x_wconf 88' lang='lat' dir='ltr'>cum</span> <span class='ocrx_word' id='word_1_298' title='bbox 648 2581 769 2619; x_wconf 81' lang='lat' dir='ltr'>schol.</span> <span class='ocrx_word' id='word_1_299' title='bbox 805 2581 1067 2628; x_wconf 84' lang='lat' dir='ltr'>Francofurti,</span> <span class='ocrx_word' id='word_1_300' title='bbox 1086 2597 1204 2633; x_wconf 88' lang='lat' dir='ltr'>opera</span> <span class='ocrx_word' id='word_1_301' title='bbox 1222 2589 1262 2621; x_wconf 88' lang='lat' dir='ltr'>et</span> <span class='ocrx_word' id='word_1_302' title='bbox 1278 2584 1461 2631; x_wconf 87' lang='lat' dir='ltr'>impensa</span> <span class='ocrx_word' id='word_1_303' title='bbox 1479 2580 1582 2617; x_wconf 84' lang='lat' dir='ltr'>Petri</span> <span class='ocrx_word' id='word_1_304' title='bbox 1601 2580 1702 2618; x_wconf 89' lang='lat' dir='ltr'>Bru-</span> 
     </span>
     <span class='ocr_line' id='line_1_40' title="bbox 377 2642 713 2680; baseline -0.009 0"><span class='ocrx_word' id='word_1_305' title='bbox 377 2643 517 2680; x_wconf 83' lang='lat' dir='ltr'>bachii.</span> <span class='ocrx_word' id='word_1_306' title='bbox 539 2642 651 2678; x_wconf 82' lang='lat'>1542.</span> <span class='ocrx_word' id='word_1_307' title='bbox 675 2643 713 2677; x_wconf 80' lang='lat'>4.</span> 
     </span>
    </p>
   </div>
   <div class='ocr_carea' id='block_1_11' title="bbox 269 2703 1702 2816">
    <p class='ocr_par' dir='ltr' id='par_1_14' title="bbox 269 2703 1702 2816">
     <span class='ocr_line' id='line_1_41' title="bbox 322 2703 1702 2752; baseline 0.001 -14"><span class='ocrx_word' id='word_1_308' title='bbox 322 2703 357 2739; x_wconf 86' lang='lat' dir='ltr'>E</span> <span class='ocrx_word' id='word_1_309' title='bbox 385 2703 566 2739; x_wconf 83' lang='lat' dir='ltr'>Romana</span> <span class='ocrx_word' id='word_1_310' title='bbox 600 2714 819 2750; x_wconf 87' lang='lat' dir='ltr'>expressam</span> <span class='ocrx_word' id='word_1_311' title='bbox 852 2715 934 2740; x_wconf 88' lang='lat' dir='ltr'>esse</span> <span class='ocrx_word' id='word_1_312' title='bbox 962 2704 1112 2752; x_wconf 90' lang='lat' dir='ltr'>liquido</span> <span class='ocrx_word' id='word_1_313' title='bbox 1132 2706 1229 2743; x_wconf 91' lang='lat' dir='ltr'>mihi</span> <span class='ocrx_word' id='word_1_314' title='bbox 1250 2710 1430 2750; x_wconf 83' lang='lat' dir='ltr'>constat3</span> <span class='ocrx_word' id='word_1_315' title='bbox 1462 2704 1504 2741; x_wconf 90' lang='lat' dir='ltr'>in</span> <span class='ocrx_word' id='word_1_316' title='bbox 1521 2703 1702 2752; x_wconf 85' lang='lat' dir='ltr'>margine</span> 
     </span>
     <span class='ocr_line' id='line_1_42' title="bbox 269 2762 1701 2816; baseline -0.001 -14"><span class='ocrx_word' id='word_1_317' title='bbox 269 2766 466 2802; x_wconf 83' lang='lat' dir='ltr'>variantes</span> <span class='ocrx_word' id='word_1_318' title='bbox 486 2763 697 2801; x_wconf 85' lang='lat' dir='ltr'>nonnullae</span> <span class='ocrx_word' id='word_1_319' title='bbox 719 2763 902 2802; x_wconf 86' lang='lat' dir='ltr'>lectiones</span> <span class='ocrx_word' id='word_1_320' title='bbox 921 2765 1136 2816; x_wconf 80' lang='lat' dir='ltr'>adscriptae,</span> <span class='ocrx_word' id='word_1_321' title='bbox 1157 2767 1223 2804; x_wconf 87' lang='lat' dir='ltr'>sed</span> <span class='ocrx_word' id='word_1_322' title='bbox 1241 2779 1288 2806; x_wconf 82' lang='lat' dir='ltr'>ex</span> <span class='ocrx_word' id='word_1_323' title='bbox 1308 2766 1368 2805; x_wconf 89' lang='lat' dir='ltr'>ed.</span> <span class='ocrx_word' id='word_1_324' title='bbox 1389 2764 1471 2804; x_wconf 86' lang='lat' dir='ltr'>Ald.</span> <span class='ocrx_word' id='word_1_325' title='bbox 1501 2762 1701 2801; x_wconf 83' lang='lat' dir='ltr'>Emenda-</span> 
     </span>
    </p>
   </div>
   <div class='ocr_carea' id='block_1_12' title="bbox 320 2603 427 2612">
    <p class='ocr_par' dir='ltr' id='par_1_15' title="bbox 320 2603 427 2612">
     <span class='ocr_line' id='line_1_43' title="bbox 320 2603 427 2612; baseline 0 525"><span class='ocrx_word' id='word_1_326' title='bbox 320 2603 427 2612; x_wconf 95' lang='lat' dir='ltr'> </span> 
     </span>
    </p>
   </div>
  </div>
 </body>
</html>
