1877 3137
800 563 1128 612 ΠΥΘΙΑς

861 736 1009 769 mm
1035 748 1078 770 ς.

297 898 899 972 ΞΕΝΟΚΡΑΤΕΙ
957 902 1629 989 ΑΚΡΑΓΑΝΤΙΝῼ,

815 1135 1100 1174 ΑΡΜΑΤΙ.

754 1457 1171 1495 ARGUMENTUM.

241 1565 312 1605 AD
343 1562 652 1619 Thrasybulum
684 1573 878 1601 conversa
915 1564 1012 1600 sunt
1041 1563 1177 1612 poetae
1214 1558 1358 1608 νει-ὗες
1392 1569 1486 1597 eum
1522 1556 1687 1597 victoria

241 1621 390 1676 Pythia
405 1620 576 1661 laudum
599 1617 738 1673 copias
753 1617 968 1671 praeclaras
991 1616 1072 1657 sibi
1088 1628 1246 1670 parasse
1269 1629 1366 1655 cum
1387 1614 1556 1655 victoria
1566 1615 1686 1653 -18.

239 1685 328 1720 tum
351 1679 502 1734 pietate
518 1676 562 1717 in
592 1684 805 1730 parentem
822 1690 834 1724 3
867 1687 948 1728 qua
979 1671 1204 1714 Antilocho
1234 1671 1421 1713 Nestoris
1451 1670 1536 1713 filio
1567 1684 1684 1711 com-

238 1738 547 1792 paratur.--45.
579 1732 687 1774 Aliae
710 1730 796 1787 ejus
816 1731 970 1772 laudes.

818 1883 869 1923 Σ.
892 1878 934 1926 ά,
986 1883 1039 1919 Κ.
1062 1877 1114 1919 θ’.

464 1960 840 2022 ΑΚΟΤΣΑΤ·
882 1962 909 2022 Ξ
936 1963 1028 2034 γὰρ
1057 1961 1313 2020 ἑλικώπιδος
1339 1962 1617 2033 Ἀφξοδὶτοις

456 2048 733 2124 ''Agovgam'qx
762 2049 965 2120 Χοιξῖτων
993 2048 1336 2118 ἀναπολίζομεν,

282 2181 458 2223 Inscriptus
476 2188 522 2213 est
536 2183 673 2222 hymnus
688 2180 859 2212 Xenocrati
875 2179 984 2210 victori
1000 2191 1008 2219 ς
1036 2180 1089 2219 qui
1108 2179 1262 2209 Theronis
1275 2178 1477 2220 Agrigentini
1492 2178 1590 2210 frater
1605 2179 1665 2209 fuit
1683 2192 1689 2209 :

238 2232 295 2273 (de
313 2244 375 2272 quo
391 2233 442 2264 Ol.
457 2234 490 2264 ii.
506 2236 560 2265 89.
579 2233 632 2263 ubi
651 2243 680 2263 τ’.
691 2231 814 2272 Schol.)
833 2231 870 2261 In
886 2231 954 2272 ipso
965 2231 1103 2261 carmine
1117 2236 1209 2270 poeta
1220 2229 1452 2269 Thrasybulum
1470 2230 1567 2260 filium
1583 2230 1693 2271 appel-

238 2280 286 2314 lat
302 2284 450 2315 victorem
470 2285 516 2326 (v.
532 2287 586 2316 15.
605 2286 657 2315 19.
675 2282 757 2322 sqq.)
782 2292 818 2312 ac
835 2282 996 2321 celebrat3
1030 2282 1109 2311 nihil
1125 2281 1164 2310 de
1182 2286 1282 2321 patre,
1312 2280 1366 2311 sed
1394 2281 1432 2311 de
1448 2281 1506 2311 filii
1529 2281 1645 2320 pietate
1661 2281 1695 2311 in

239 2341 362 2376 patrem
378 2340 542 2365 memorat.
586 2334 681 2365 Unde
698 2334 729 2362 in
747 2343 814 2363 eam
832 2334 1010 2374 opinionem
1028 2332 1190 2372 descendi,
1207 2338 1242 2362 ut
1258 2342 1440 2373 persuasum
1457 2332 1535 2362 mihi
1547 2332 1694 2372 habeam,

240 2386 474 2426 Thrasybulum
490 2386 639 2416 victorem
658 2384 797 2425 parentis
810 2384 938 2414 victoris
955 2395 1068 2415 nomen
1087 2396 1104 2414 a
1118 2394 1263 2425 praecone
1277 2383 1626 2424 pronuntiarijussisse.
1643 2383 1694 2414 Ita

239 2436 321 2466 bene
339 2437 443 2467 omnia
467 2448 513 2477 se,
526 2436 654 2467 habent.
667 2435 707 2466 cf.
725 2435 786 2468 inf,
806 2435 962 2466 lst11m.ii.
990 2442 1021 2465 et
1053 2435 1191 2466 Scolium
1219 2434 1251 2464 iu
1283 2435 1410 2475 Fragm.
1441 2445 1472 2475 p.
1487 2437 1516 2465 8.
1544 2434 1693 2465 ceterum

239 2488 366 2519 videtur
389 2489 521 2519 victoria
537 2489 604 2520 haec
620 2486 735 2528 respici
750 2486 866 2517 Isthm.
887 2486 922 2517 ii.
939 2488 989 2522 26,
1007 2489 1059 2516 27.
1076 2492 1108 2516 at
1121 2486 1244 2517 diversa
1265 2485 1305 2515 ab
1322 2495 1360 2515 ea
1387 2490 1434 2515 est
1462 2485 1574 2521 altera,
1602 2495 1694 2524 quam

286 2598 342 2627 Est
359 2598 419 2628 hoc
435 2606 560 2628 carmen
577 2597 682 2628 muitis
699 2595 939 2626 difficultatibus
994 2595 1088 2626 Misc.
1107 2595 1176 2626 crit.
1191 2606 1216 2626 s,
1232 2596 1264 2626 2.
1279 2596 1378 2635 p.37.
1397 2605 1443 2635 sq.
1459 2599 1489 2623 et
1504 2593 1690 2635 Mingarell.

240 2648 420 2689 obseptum,
451 2659 520 2688 quae
555 2647 668 2688 partim
700 2658 718 2677 a
748 2656 782 2676 re
809 2645 939 2675 metrica
995 2644 1149 2675 Vei-suum
1173 2644 1329 2684 cujusque
1367 2643 1503 2684 strophae
1540 2646 1571 2675 2.
1600 2649 1631 2673 et
1659 2645 1694 2676 4.

237 2697 490 2739 proficiscuntur,
500 2696 612 2737 partini
623 2696 662 2726 ab
674 2695 941 2737 interpretatione.
996 2701 1126 2725 metrum
1158 2694 1309 2726 incertum
1338 2694 1437 2725 aiunt.
1482 2688 1596 2723 Dawek
1618 2693 1696 2723 miro

240 2747 332 2784 Quod
350 2746 387 2776 ad
404 2747 494 2777 istam
512 2746 635 2783 attinet,
650 2746 841 2776 desudarunt
858 2745 889 2775 in
905 2755 943 2775 ea
997 2744 1142 2774 acumine
1157 2743 1345 2782 observavit,
1360 2744 1390 2773 in
1407 2743 1465 2775 hoc
1476 2742 1613 2773 carmine
1625 2752 1696 2772 ver-

240 2803 311 2835 post
339 2797 535 2828 Schmidium
565 2802 597 2828 et
622 2796 784 2829 Pauwium
817 2796 941 2827 Dawes.
999 2805 1050 2825 sus
1063 2796 1093 2825 2.
1107 2796 1181 2826 3.4.
1201 2794 1232 2824 iu
1250 2793 1394 2826 omnibus
1409 2792 1547 2835 strophis
1562 2792 1651 2824 exire
1661 2791 1695 2822 in
