1877 3137
297 226 450 268 xxxviii
605 196 611 198 ἡ
799 229 831 269 Ρ
846 228 950 270 RAE
971 230 1137 272 FATI
1156 232 1210 273 ο.

294 368 447 411 partem
468 361 647 398 codicum
678 361 751 399 sub
788 364 873 411 ipsa
906 366 1176 414 typographia:
1211 367 1386 403 inventae
1425 372 1602 416 tempora
1635 370 1730 407 scri-

294 430 404 472 ptam
424 435 506 460 esse
527 434 609 460 non
627 424 802 461 obscuris
825 425 980 461 indiciis
1001 432 1166 463 constat.
1219 427 1371 464 Eadem
1405 433 1594 477 tanquam
1626 436 1730 467 tran-

293 486 435 522 sitione
455 486 572 529 facta,
582 486 627 522 ad
650 486 839 530 codicem,
855 488 921 535 qui
943 498 1070 535 nuper
1090 488 1204 525 nobis
1222 489 1377 526 oblatus
1398 498 1469 534 est,
1491 491 1730 529 deducemur

292 547 427 595 paucis
447 546 759 584 describendum.
1056 559 1060 562 ’

345 607 440 643 Non
457 608 615 655 quidem
634 609 680 644 iis
700 608 747 644 de
766 608 946 644 codicum
964 614 1078 645 aetate
1098 607 1275 655 judiciis,
1295 623 1384 659 quae
1412 613 1535 661 vulgo
1555 613 1594 648 in
1611 613 1728 650 libra-

291 669 358 706 riis
386 670 611 706 recensibus
635 669 830 713 feruntur,
860 670 1032 706 multum
1061 672 1299 709 tribuImus:
1338 685 1420 709 esse
1439 672 1573 710 tamen
1595 683 1729 711 recen-

289 731 407 768 tiores
424 732 580 768 Pindari
599 731 750 767 codices
777 742 929 774 omneS,
949 732 1100 779 liquido
1121 742 1292 781 apparet.

342 795 522 831 Medicea
550 803 696 828 novem
729 792 892 840 scriptos
926 793 1078 829 codices
1111 795 1242 838 habet,
1274 809 1371 844 quos
1403 809 1425 833 a
1450 796 1650 832 Bandinio
1682 796 1725 833 V.

290 857 350 894 Cl.
379 857 421 892 in
454 853 646 902 Catalogo
667 853 789 889 Codd.
824 853 928 890 Bibl.
952 854 1094 892 Medic.
1129 862 1223 893 tom.
1258 858 1298 894 ii.
1336 871 1372 906 p.
1405 858 1470 895 81.
1507 858 1594 894 128.
1633 858 1721 896 178.

291 920 380 956 195.
426 919 512 955 196.
553 918 637 956 197.
678 917 766 952 202.
808 917 898 954 203.
937 917 1032 954 209.
1087 927 1416 957 commemoratos
1454 920 1585 956 videre
1621 920 1727 955 licet.

287 983 438 1019 Omnes
469 987 561 1017 sunt
591 981 836 1021 recentiores,
868 985 906 1016 et
935 981 1110 1028 plerique
1140 983 1413 1020 voluminibus
1443 983 1582 1018 iisdem
1612 983 1726 1030 plura

286 1045 375 1087 alia,
399 1057 434 1080 v,
455 1056 485 1079 c.
503 1042 716 1090 Euripidis,
735 1041 900 1077 Hesiodi
922 1048 993 1078 etc.
1014 1044 1344 1091 complectuntur.
1384 1045 1568 1083 Quatuor
1582 1043 1721 1091 Olym·

284 1109 351 1156 pia
369 1111 522 1142 tantum
544 1116 634 1140 cum
664 1104 821 1139 scholiis
842 1104 1044 1147 exhibent,
1068 1106 1162 1141 Saec.
1192 1107 1271 1142 xiV.
1292 1119 1357 1143 xv,
1376 1107 1456 1142 xvi.
1476 1106 1622 1153 scripti,
1653 1105 1719 1140 iis-

283 1181 359 1217 que
380 1166 588 1208 chartacei,
613 1177 691 1201 uno
712 1165 950 1214 bombycino
972 1172 1146 1214 excepto.
1203 1168 1391 1216 Olympia
1410 1173 1448 1203 et
1467 1167 1610 1215 Pythia
1625 1166 1719 1207 duo,

283 1230 379 1267 Saec.
396 1229 474 1264 xiv,
495 1228 640 1275 scripti,
657 1227 756 1262 alter
771 1228 929 1274 quidem
948 1227 1221 1276 bombycinus,
1240 1241 1329 1265 cum
1346 1229 1503 1265 scholiis
1521 1233 1559 1264 et
1578 1227 1720 1276 glossis

282 1289 616 1331 intel-linearibus,
637 1289 702 1324 sed
723 1290 765 1324 in
788 1289 901 1337 Pyth.
931 1289 1072 1336 quinta
1093 1290 1291 1327 deficiens.
1347 1291 1514 1327 Restant
1538 1291 1630 1332 duo,
1651 1289 1736 1337 qui-

282 1365 371 1391 cum
408 1351 604 1399 Olympiis
638 1356 676 1386 et
715 1351 866 1399 Pythiis
895 1352 1014 1387 etiam
1040 1351 1191 1388 Nemea
1219 1359 1256 1389 et
1286 1353 1454 1389 Isthmia
1482 1352 1717 1388 continent:

281 1416 378 1452 alter
413 1414 738 1450 membranaceus
777 1413 872 1463 Saec.
907 1413 985 1448 xvi.
1021 1413 1107 1449 sine
1144 1415 1324 1457 Scholiis,
1361 1416 1458 1450 alter
1492 1414 1718 1450 chartaceus

281 1479 377 1514 Saec.
396 1477 474 1512 xiv.
507 1486 596 1510 cum
631 1473 803 1515 scholiis,
831 1486 918 1521 quae
943 1486 1066 1522 usque
1097 1475 1143 1510 ad
1177 1476 1297 1511 finem
1337 1476 1486 1511 ultimae
1514 1473 1716 1510 Isthmicae

279 1538 510 1588 procedunt,
534 1542 695 1583 uterque
716 1547 804 1571 curn
826 1548 863 1571 x,
883 1536 1076 1579 versibus,
1108 1536 1155 1572 de
1185 1537 1326 1584 quibus
1359 1549 1392 1572 v,
1416 1537 1463 1572 ad
1487 1535 1581 1571 calc.
1609 1533 1714 1569 Isth-

277 1602 458 1638 miorum.
517 1596 701 1644 Subjeeta
729 1598 900 1634 Pindaro
922 1604 1016 1634 sunt
1045 1600 1085 1634 in
1117 1605 1282 1648 utroque
1310 1599 1514 1635 volumine
1533 1597 1631 1633 alia:
1671 1597 1714 1632 in
1774 1616 1782 1618 -

277 1663 345 1699 illo
371 1660 531 1696 Hesiodi
552 1671 669 1706 opera
689 1665 727 1694 et
747 1659 853 1704 dies3
887 1660 928 1695 in
952 1660 1025 1695 hoc
1041 1660 1288 1704 Theocritus,
1309 1660 1547 1709 Lycophron
1568 1664 1607 1695 et
1627 1658 1715 1695 alia.

275 1725 339 1760 Ex
359 1723 544 1759 omnibus
565 1721 624 1756 his
646 1721 756 1757 codd.
783 1722 922 1757 saltem
944 1722 1084 1758 ultimo
1103 1723 1190 1759 loco
1211 1728 1474 1759 memoratum
1495 1720 1714 1757 accuratius

275 1787 492 1833 inspectum
509 1794 594 1819 esse
611 1784 767 1820 vellem.

327 1847 377 1882 In
397 1845 595 1882 Vaticana
609 1845 780 1893 primum
802 1845 961 1882 PIndari
977 1845 1163 1893 Olympia
1176 1857 1266 1881 cum
1284 1844 1456 1886 scholiis,
1476 1844 1560 1879 tum
1575 1841 1711 1878 eadem

274 1910 359 1945 sine
380 1908 536 1944 scholiis
556 1924 565 1953 3
607 1908 741 1943 decern
771 1906 876 1944 Odas
900 1908 1051 1955 (nescio
1081 1919 1132 1943 an
1162 1905 1457 1955 Olympiorum)
1481 1916 1571 1941 cum
1591 1903 1709 1939 scho-

272 1971 361 2015 1iis3
395 1981 509 2017 porro
527 1970 729 2018 integrum
750 1968 968 2006 Pindarum
989 1986 998 2014 3
1035 1979 1123 2005 tum
1141 1968 1409 2017 fragmentum
1430 1979 1478 2003 ex
1496 1965 1708 2002 bibliothe-

273 2044 318 2067 ca
339 2031 445 2067 Alex.
476 2030 655 2076 Patavii;
693 2028 822 2078 (cujus
841 2032 941 2067 alius
962 2031 1084 2068 codex
1104 2030 1265 2067 Pindari
1285 2030 1333 2066 ad
1366 2030 1418 2066 Is.
1450 2028 1636 2064 Vossium
1669 2031 1707 2062 et

272 2093 366 2128 hinc
386 2092 427 2127 in
457 2092 736 2128 bibliothecam
761 2091 994 2129 Leidensem
1024 2093 1221 2141 pervenit)
1249 2103 1363 2140 porro
1395 2089 1558 2126 Pindari
1589 2099 1708 2135 opera

271 2165 361 2190 cum
379 2162 509 2189 vetere
531 2154 760 2198 Scholiasta,
781 2167 800 2190 e
819 2155 998 2191 biblioth.
1027 2155 1196 2205 Reginae
1209 2155 1370 2196 Sueciae,
1392 2150 1707 2189 HomeriBatra-

270 2216 593 2263 chomyomaehia
614 2222 652 2252 et
672 2217 757 2252 aliis
786 2213 962 2262 adjectis,
991 2222 1207 2253 memorata
1234 2215 1414 2252 videmus
1447 2227 1470 2250 a
1499 2211 1704 2249 Montfau-

268 2277 410 2322 conio3
451 2283 488 2313 et
509 2278 550 2313 in
572 2277 810 2314 bibliotheca
839 2278 1113 2315 Ottoboniana
1133 2278 1294 2315 Pindari
1323 2277 1498 2313 codicem
1531 2284 1613 2309 non
1633 2283 1704 2307 an-

266 2340 437 2387 tiquum.
496 2338 558 2374 De
584 2338 771 2375 Palatinis
800 2340 910 2377 codd.
943 2353 1060 2389 supra
1088 2340 1271 2377 vidimus.
1325 2339 1473 2376 Praeter
1503 2341 1580 2372 tres
1615 2333 1704 2369 illos

266 2405 427 2448 quartus
456 2400 496 2435 in
530 2399 760 2436 vaticanam
783 2402 914 2437 illatus
936 2414 1018 2438 esse
1051 2402 1179 2445 debet,
1201 2413 1320 2450 quem
1346 2400 1530 2449 Sylburg.
1565 2408 1604 2431 n.
1634 2395 1695 2432 99-

265 2453 457 2498 memorat
471 2461 507 2497 ἦ.
565 2461 788 2504 Florentiae,
818 2468 958 2510 praeter
977 2463 1176 2500 Mediceos
1199 2475 1315 2511 supra
1343 2463 1593 2499 memoratos,
1614 2453 1701 2490 bib·

310 2580 329 2598 *
359 2576 489 2617 Scripsit
514 2575 704 2616 Mitigarellus
728 2577 764 2605 acl
784 2587 832 2606 me
862 2577 971 2608 litteris
994 2591 1024 2609 a.
1060 2581 1153 2610 1778.
1176 2580 1278 2610 datis:
1309 2578 1376 2608 “In
1405 2579 1558 2609 Vaticana
1584 2577 1705 2607 biblio-⁷

264 2627 354 2657 theca
383 2638 444 2657 non
468 2628 602 2668 quinque
628 2627 675 2657 vel
706 2637 756 2657 sex
781 2628 901 2658 codices
926 2629 1050 2659 Pindari
1076 2630 1161 2660 Odas
1185 2637 1236 2660 aut
1255 2641 1361 2660 omnes
1386 2638 1438 2660 aut
1459 2630 1575 2670 aliquas
1597 2629 1696 2659 conti-

264 2685 374 2708 nentes
398 2687 617 2717 asservantur3
657 2679 708 2708 sed
734 2679 859 2718 triginta
891 2680 1023 2715 circiter,
1047 2682 1104 2712 nisi
1133 2683 1279 2712 memoria
1309 2693 1355 2711 me
1387 2681 1475 2720 fallit,
1506 2680 1603 2710 oculis
1627 2680 1694 2720 ipse

263 2730 338 2759 meis
365 2729 436 2758 olim
464 2729 536 2767 viati,
563 2740 692 2770 quorum
718 2730 857 2760 nonnulli
883 2732 1055 2772 peranliqni
1078 2738 1159 2768 sunt,
1189 2733 1244 2763 etsi
1266 2732 1387 2763 decimo
1408 2733 1519 2762 saeculo
1543 2730 1695 2771 posterio-

263 2790 322 2815 res,
337 2780 473 2820 plerique
497 2791 569 2810 vero
593 2781 643 2810 alii
659 2781 775 2811 saeeulis
790 2781 850 2811 x'iv.
872 2789 902 2812 et
918 2793 967 2812 xv.
983 2783 1127 2813 exarati?
1164 2783 1258 2814 Porro
1282 2785 1314 2814 in
1330 2783 1527 2815 Bibliotheca
1542 2781 1695 2823 Angelica
