1877 3137
809 520 1172 594 ΟΛΥΜΠΙΑ.

858 710 1004 742 ΕΙΔΟΣ
1030 707 1089 741 ια’.

268 871 418 933 ΤΩ
496 867 818 931 ΑΥΤἈΩ
892 860 1693 936 ΑΓΗΣΙΔΑΜῼ.

753 1215 1219 1257 ARGUMENTUM.

270 1327 492 1369 V1c‘roR1AE
522 1328 595 1368 sibi
619 1330 830 1382 postulant
853 1329 1047 1379 carmina,
1080 1329 1229 1383 quibus
1260 1342 1399 1369 earum
1428 1326 1623 1368 memoria
1652 1325 1702 1367 ad

269 1386 546 1440 posteritatem
577 1388 926 1440 propagetur—7.
957 1385 1139 1440 inprimis
1170 1385 1336 1426 victoria
1365 1383 1596 1438 Olympiea,
1629 1398 1697 1423 ce-

270 1443 363 1483 teris
380 1442 577 1496 insignior
596 1458 606 1481 ι
638 1457 759 1495 quare
781 1442 977 1483 Pindarus
1000 1443 1312 1496 Olympicorum
1332 1442 1530 1482 victorum
1550 1455 1590 1481 se
1609 1442 1697 1480 lau-

271 1500 341 1540 des
363 1500 556 1539 lubenter
573 1513 718 1540 canere
739 1499 1082 1552 profitetur—10.
1115 1500 1210 1540 Hoc
1233 1513 1340 1538 nunc
1361 1513 1402 1538 se
1423 1502 1611 1551 praestare
1641 1497 1700 1536 A-

269 1555 490 1610 gesidamo,
513 1555 739 1596 Locrorum
758 1555 1129 1610 Epizephyriorum
1150 1556 1336 1596 laudibus
1369 1553 1699 1609 adjunctis—15.

267 1613 416 1666 quippe
439 1612 524 1667 qui,
547 1627 568 1652 e
598 1612 770 1653 Locride
808 1613 986 1654 Graeciae
1017 1614 1061 1654 in
1093 1613 1254 1653 Italiam
1284 1611 1468 1666 profecti,
1513 1610 1698 1665 antiquos

269 1684 399 1710 mores
439 1669 694 1720 retinuerint,
725 1676 766 1710 et
794 1671 963 1712 laudum
995 1670 1141 1722 studia,
1177 1669 1485 1723 carminumque
1522 1680 1702 1709 amorem

275 1740 370 1767 cum
391 1725 539 1767 virtute
560 1726 693 1768 adhuc
716 1734 889 1768 servent.

831 1867 880 1907 Σ.
911 1865 951 1906 ά.
1011 1869 1063 1905 Κ.
1095 1864 1143 1911 ς’.

418 1955 647 2019 ΕΣΤΙΝ
668 1966 910 2036 ἀνθρώποις
938 1963 1098 2034 ἀνέμων
1127 1964 1194 2015 ὁτὲ
1223 1965 1420 2015 πλείστα

421 2054 604 2121 Χξῆσις’
646 2046 761 2099 ἔστιν
791 2048 823 2098 δ’
855 2047 1049 2117 οὐρανίων
1077 2047 1242 2098 ὑδάτων

310 2225 506 2267 Ἀγησιδίμῳ
531 2225 645 2255 omittit
672 2223 767 2254 Bodl.
784 2223 852 2253 MS.
898 2223 1072 2253 Praestabat
1094 2222 1279 2264 simpliciter
1302 2220 1494 2260 inscribere3
1516 2218 1707 2261 Ἀγησιδαίμῳ

270 2279 371 2322 πύκἹῃ.
394 2278 572 2320 Apponitur
588 2279 620 2306 iu
635 2277 748 2317 vulgg.
768 2275 867 2316 τὸκας,
880 2276 961 2315 quod
976 2276 1059 2306 haud
1075 2276 1169 2306 dubie
1186 2275 1318 2305 debetur
1330 2272 1562 2312 Grammaticis,
1576 2273 1706 2313 petitum

272 2346 309 2365 ex
324 2343 394 2373 sup.
409 2331 480 2360 Oda
497 2340 525 2359 v.
543 2332 591 2360 12.
607 2338 698 2367 quem
717 2337 837 2357 versum
856 2327 935 2357 male
949 2328 1139 2368 interpretes
1156 2326 1195 2356 ad
1211 2325 1292 2355 hanc
1308 2325 1436 2354 alteram
1448 2323 1538 2354 Oden
1555 2323 1706 2359 referunt,

272 2391 307 2414 ut
321 2382 416 2422 hujus
432 2381 504 2412 novi
521 2379 667 2410 carminis
678 2378 816 2408 accessio
832 2378 889 2408 illo
906 2380 1008 2418 priore
1025 2378 1226 2418 promittatur
1243 2386 1260 2406 a
1277 2380 1392 2416 poeta3
1411 2384 1481 2404 cum
1493 2373 1538 2404 ibi
1551 2374 1708 2403 sententia

317 2535 384 2562 1-6.
399 2528 591 2560 Sententiam
609 2532 641 2556 et
654 2525 730 2555 alibi
742 2525 874 2565 repetit:
901 2535 965 2554 cer-
1022 2525 1121 2554 forma
1137 2524 1283 2554 sollennis
1300 2528 1346 2553 est
1361 2537 1367 2553 :
1389 2520 1654 2552 ἔστὶν-ἒντὶν-εἷ
1666 2519 1707 2561 δῖ,

270 2583 410 2612 tantinum
424 2579 532 2609 labores
545 2577 730 2618 etfactorum
745 2573 842 2603 laudes
857 2571 966 2602 deside·
1020 2583 1075 2602 non
1084 2573 1174 2613 magis
1184 2583 1277 2613 quam,
1293 2572 1423 2602 similiter
1436 2578 1478 2601 ut.
1502 2570 1707 2610 Respondent

271 2640 336 2660 rare
351 2630 518 2668 hymnorum
543 2627 677 2665 praenu'a:
703 2634 734 2653 v.
753 2633 783 2653 c.
812 2622 902 2652 Nem.
924 2621 967 2651 iii.
1021 2627 1124 2651 autem
1156 2622 1215 2651 sibi
1242 2622 1319 2651 illa:
1359 2621 1482 2650 homines
1503 2621 1583 2650 modo
1611 2630 1708 2650 sereno

276 2680 330 2708 10.
347 2676 424 2717 διψῇ
440 2675 466 2705 δὲ
484 2676 598 2717 πρᾶγος
615 2675 696 2704 ἄλλο
715 2671 765 2711 μὶν
785 2671 896 2702 ἄλλον·
919 2671 966 2699 ἀε-
1021 2670 1098 2710 coelo,
1112 2672 1192 2701 modo
1202 2671 1300 2710 pluvio
1328 2672 1470 2712 indigent,
1493 2669 1634 2708 adeoque
1649 2669 1709 2698 hoc

273 2727 415 2759 θλιυκῖι
431 2725 458 2758 δὲ
479 2726 603 2765 μάλιστ’
631 2723 726 2756 ἀοιδὰν
752 2723 839 2763 φιλεῖ.
886 2722 965 2752 Tum
1023 2721 1100 2751 votis
1132 2725 1293 2761 expetunt.
1339 2720 1470 2751 Faciunt
1501 2724 1606 2750 autem
1645 2718 1704 2748 hoc
