1877 3137
288 239 414 281 xxviii
800 238 1209 282 PRAEFATIO.

280 373 434 409 rundam
457 373 765 419 interpretationis
787 374 944 409 locorum
965 378 999 423 et
1013 374 1212 410 accessione
1227 373 1421 420 lyricorum
1441 373 1641 409 carminum
1660 372 1712 408 lo-

280 436 466 482 cupletata
480 447 514 471 a.
536 432 648 469 1566.
669 433 752 470 ead.
771 433 798 470 f.
821 434 994 482 (Paris).
1028 434 1127 473 Quae
1155 438 1251 470 tom.
1269 434 1308 471 ii.
1327 445 1366 482 p.
1390 434 1588 471 433-468.
1605 436 1712 483 (non

282 496 395 543 566.)
415 493 592 543 subjecta
611 500 715 537 sunt,
733 495 772 530 in
793 495 865 531 hac
885 496 1057 543 primum
1079 495 1171 532 edit.
1188 501 1455 535 accesserunt.

334 557 413 596 Ed.
434 560 486 596 iii.
503 570 582 595 cum
597 558 645 595 Is.
666 557 869 594 Casauboni
882 559 1030 602 notulis,
1055 558 1169 594 1586.
1188 569 1284 607 quas
1303 559 1424 595 miror
1442 559 1483 595 in
1496 569 1604 606 seqq.
1626 557 1712 595 edd.

279 633 362 659 non
383 633 466 659 esse
500 621 697 670 repetitas.
754 620 942 659 Eminere
960 633 1044 659 eam
1067 621 1172 658 inter
1188 620 1479 669 Stephanianas
1499 622 1555 659 ait
1574 621 1712 658 Gotth.

276 683 445 721 Fridem.
465 683 609 720 Loeber
625 683 664 718 in
685 681 823 719 Exere.
843 683 926 720 crit.
965 683 1003 719 in
1043 681 1204 720 Pindari
1225 682 1385 732 Olymp.
1403 683 1520 720 Oden
1540 682 1595 720 xi.
1618 681 1711 718 Jen.

279 748 396 787 1743.
416 745 481 782 sed
504 751 561 781 est
583 744 649 780 illa
665 744 712 780 ad
733 744 897 780 verbum
913 755 1096 792 expressa
1116 757 1164 781 ex
1181 745 1276 782 edit.
1298 746 1336 781 2.

333 807 412 845 Ed.
432 810 466 843 iv
495 828 548 834 —-
571 804 789 842 Excudebat
807 804 1171 854 PaulusStephanus
1184 819 1219 844 a.
1245 806 1357 843 1600.
1371 804 1511 842 iisdem
1521 803 1709 842 foliorum

276 871 452 907 numeris
473 879 655 917 expressa
673 873 731 903 est
751 880 797 904 ex
816 867 1002 904 secunda.
1058 867 1198 905 Habeo
1221 868 1262 905 in
1291 867 1480 904 manibus
1500 867 1614 903 aliam
1632 864 1713 903 Ed.

274 938 321 971 iv.
340 934 514 982 Lugduni
533 932 630 979 opud
651 931 761 968 Joan.
786 930 993 969 Pillehotle
1012 932 1077 969 sub
1096 934 1198 980 signo
1216 933 1370 968 nominis
1384 930 1475 967 Jesu
1497 930 1611 968 1598.
1629 929 1714 965 ead·

264 1005 405 1054 forma.
429 1009 467 1039 et
508 1002 582 1038 sub
617 1001 651 1038 f.
679 1001 854 1049 Lugduni
893 1015 935 1039 ex
957 1003 1197 1052 typographio
1226 1002 1383 1039 ,Ioannis
1398 1000 1573 1044 Ηαηανά,
1613 1000 1709 1036 alias

273 1067 396 1105 Jamec
417 1078 451 1101 a.
490 1065 600 1101 1589.
622 1075 669 1100 ex
686 1062 792 1100 Edit.
813 1063 1002 1113 Stephan.
1022 1066 1079 1102 iii.
1113 1063 1160 1101 ad
1181 1065 1346 1101 verbum
1367 1072 1610 1110 expressam,
1629 1059 1708 1098 nisi

272 1126 375 1177 quod
394 1125 440 1163 ad
461 1125 606 1161 calcem
624 1123 805 1172 Epistola
825 1125 1006 1174 Sapphus
1025 1125 1225 1163 Ovidiana
1239 1125 1384 1162 omissa
1401 1127 1474 1161 est.

324 1187 448 1224 -Ed
479 1200 510 1223 v.
535 1188 641 1222 Oliva
663 1187 789 1222 Paulli
812 1187 988 1235 Stephani
1012 1187 1127 1226 1612.
1145 1198 1253 1223 mera
1271 1192 1331 1223 est
1350 1187 1532 1234 repetitio
1551 1185 1706 1225 Editio-

271 1252 332 1289 nis
351 1254 512 1299 quartae,
529 1248 593 1284 sed
612 1248 831 1285 charactere
842 1253 881 1285 et
896 1248 1030 1285 charta
1043 1247 1247 1292 deteriore,
1263 1249 1324 1285 uti
1343 1253 1383 1285 et
1399 1248 1520 1284 altera
1537 1250 1706 1297 repetitio

273 1315 389 1352 1626.
411 1318 449 1349 et

324 1373 457 1411 Editio
474 1376 521 1410 vi.
545 1371 742 1409 Ebroduni
762 1383 810 1409 ex
839 1371 1045 1409 Societatis
1074 1369 1233 1408 Helvet.
1265 1370 1376 1409 Cald.
1420 1371 1535 1413 1624.
1575 1372 1705 1410 Aliam

273 1438 403 1476 Paulli
425 1435 615 1485 Stephani
636 1447 674 1472 ν.
694 1434 767 1473 inf.
785 1434 833 1471 ad
851 1446 885 1471 a.
907 1434 1025 1472 1599.

321 1499 580 1548 Stephanum,
601 1508 691 1533 cum
711 1498 882 1545 primum
913 1495 1127 1534 Pindarum
1158 1494 1432 1532 excudendum
1461 1495 1584 1542 daret,
1611 1496 1703 1535 Μο-

266 1561 475 1598 rellianum
505 1558 703 1606 exemplar
722 1558 849 1606 operis
869 1557 1073 1594 tradidisse
1092 1557 1230 1594 multis
1247 1556 1345 1593 locis
1364 1557 1622 1595 manifestum
1643 1559 1700 1603 fit,

269 1636 307 1662 v.
328 1637 360 1661 c.
397 1622 461 1659 Ol.
500 1622 540 1658 ii.
572 1620 635 1659 78.
669 1620 754 1656 122.
784 1620 868 1656 viii.
897 1619 964 1655 50.
989 1619 1042 1656 ix.
1069 1619 1136 1656 39.
1167 1618 1230 1656 98.
1285 1617 1362 1654 Sed
1408 1626 1702 1668 comparaverat

264 1687 325 1723 vir
343 1685 480 1722 doctus
497 1682 652 1720 Scholia
671 1687 710 1719 et
730 1681 789 1719 ed.
817 1681 1136 1725 Cratandrinatn,
1155 1692 1274 1730 quam
1297 1686 1486 1730 sequutus
1506 1687 1579 1727 est,
1599 1696 1700 1721 non-

263 1759 467 1796 nunquam
488 1745 621 1789 etiam,
640 1743 709 1781 ubi
729 1743 902 1781 deserere
929 1754 1016 1780 eam
1037 1742 1218 1786 debebat,
1238 1754 1275 1780 v.
1304 1754 1336 1780 c.
1359 1742 1425 1779 Ol.
1446 1744 1486 1780 ii.
1506 1744 1572 1782 56.
1608 1745 1695 1782 No-

260 1822 356 1846 vum
376 1812 630 1846 correctorem
651 1810 765 1843 nacta
783 1810 842 1842 est
863 1805 998 1849 altera,
1027 1805 1095 1854 qui
1124 1803 1320 1841 nonnullo
1348 1804 1495 1841 menda
1521 1807 1696 1850 sustulit,

263 1871 341 1907 alia
359 1870 476 1907 etiam
497 1867 737 1917 depravavit.
783 1866 883 1903 Eam
902 1872 1033 1904 tamen
1053 1871 1328 1915 expresserunt
1344 1865 1620 1914 Stephanianae
1637 1879 1697 1905 re·

260 1931 378 1981 liquae
398 1942 548 1968 omnes.

311 2003 435 2039 —gr.
460 1992 525 2028 lat.
541 1987 776 2037 Antwerpiae
797 2000 838 2024 ez
858 1989 1003 2037 officina
1019 1987 1167 2038 Chrph.
1183 1988 1372 2027 Plautini.
1397 1989 1514 2030 1567.
1534 1989 1572 2027 8.
1589 1989 1689 2028 min.

314 2052 371 2089 Ad
393 2053 554 2089 verbum
580 2064 628 2088 ex
648 2049 836 2097 stephan.
857 2052 983 2099 prima
1002 2055 1060 2088 est
1079 2050 1240 2087 reddita.

314 2134 369 2143 —
387 2127 497 2162 opera
524 2115 645 2149 omnia
675 2112 788 2147 latino
818 2115 976 2149 carmine
1003 2114 1149 2149 reddita
1174 2124 1241 2160 per
1269 2111 1361 2149 Nic.
1396 2110 1609 2149 Sudorium
1640 2111 1694 2159 (le

366 2175 506 2222 Sueur)
531 2180 565 2212 et
584 2175 739 2222 ejusdem
759 2177 1035 2211 commentarius
1055 2176 1094 2210 in
1114 2175 1264 2210 Nemea.
1319 2173 1493 2216 Parisiis,
1514 2185 1577 2222 ap.
1596 2172 1690 2210 Fed.

362 2235 588 2273 Morellum.
610 2237 721 2274 1582.
741 2239 778 2273 8.
801 2237 899 2274 min.
918 2242 958 2274 et
980 2233 1066 2283 jam
1087 2242 1193 2280 ante,
1214 2240 1258 2271 ut
1278 2239 1541 2272 memoratum
1562 2234 1693 2279 video,

367 2298 381 2333 1
419 2297 440 2310 ''
473 2325 481 2334 .
537 2327 543 2333 .

309 2297 570 2389 Aliazi5viffeo
588 2352 738 2390 laudari
757 2352 948 2390 Venetam
965 2352 1041 2388 hoc
1057 2363 1165 2389 anno
1174 2367 1185 2398 3
1219 2350 1373 2394 vitiose,
1387 2353 1432 2386 ut
1446 2348 1624 2393 arbitror,
1640 2353 1685 2386 ut

257 2419 296 2451 ct
312 2426 346 2450 a.
373 2413 483 2450 1592,
503 2425 563 2462 ap.
583 2413 731 2451 Fabric.
785 2414 1014 2452 Memorant
1033 2425 1192 2462 quoque

310 2474 518 2511 Pindarum
537 2487 615 2510 cum
634 2487 722 2512 vers.
744 2477 809 2513 lat.
827 2481 862 2512 ee
881 2477 1143 2512 commentariis
1163 2474 1327 2510 Sudor-ii.
1363 2472 1485 2509 Venet.
1508 2470 1623 2511 1598.
1642 2471 1681 2508 8.

361 2540 540 2585 corrupte
560 2540 599 2571 et
618 2535 705 2579 hoe,
726 2537 758 2573 si
778 2537 869 2586 quid
891 2537 1017 2574 video.
1036 2536 1087 2573 cf.
1107 2536 1180 2574 inf.
1200 2535 1248 2572 ad
1273 2534 1386 2572 1623.

306 2597 443 2634 Franc.
485 2596 589 2633 Porti
633 2596 809 2634 Cretensis
839 2598 1093 2635 Commentarii
1119 2599 1157 2634 in
1190 2596 1353 2633 Pindari
1379 2596 1439 2632 Ol.
1474 2593 1527 2631 P.
1562 2593 1615 2631 N.
1642 2593 1682 2647 J·

239 2651 245 2653 “
364 2658 583 2706 (Genevae.)
604 2659 714 2707 Apud
732 2660 910 2697 Joannem
932 2661 1108 2709 Sylviztm.
1143 2659 1257 2696 1583.
1276 2659 1313 2694 4.
1345 2659 1443 2706 (non
1468 2655 1580 2695 1587.
1598 2658 1644 2690 ut
1662 2666 1686 2690 a

362 2720 565 2757 nonnullis
583 2720 733 2758 laudari
753 2721 897 2766 video.)
957 2722 1225 2770 Ecliclitfilz'us,
1246 2720 1436 2765 AEmilius,
1473 2731 1512 2757 eo
1529 2722 1687 2767 tempore

364 2778 555 2824 Professor
577 2782 842 2821 Lausaniensz‘s.
