1877 3137
263 195 343 243 xm
790 193 1198 259 PRAEFATIO.

266 321 409 366 genter
428 327 518 354 eum
549 315 720 365 vulgatis
751 322 1022 365 comparetur:
1056 329 1142 360 nec,
1172 328 1223 353 ne
1252 315 1386 353 nullus
1417 315 1584 353 omnino
1604 315 1699 353 inde

264 378 416 415 fructus
447 378 666 426 proveniat,
685 378 902 415 verendum
924 390 1006 415 esse
1022 378 1137 415 video
1157 378 1192 414 ὓ.

781 440 804 462 ἃ
826 441 850 462 -ὶὲ
976 440 1000 462 -ὶέ
1124 439 1148 462 δ(-
1168 438 1192 462 3(-

802 509 827 532 3(-
954 508 1023 533 -Χ--Χ-
1139 508 1165 532 -x·

317 620 496 657 Omnino
516 620 590 657 hoc
610 621 742 668 aliqua
761 628 850 657 cum
871 621 945 658 fide
966 633 1074 658 nunc
1100 621 1251 658 tradere
1281 632 1394 669 posse
1415 620 1514 658 mihi
1532 619 1669 657 videor
1688 633 1700 656 τ

316 681 467 718 Saeculo
485 693 570 718 xw.
600 682 761 718 classem
791 683 969 719 codicum
999 687 1197 719 exaratam
1227 694 1323 725 esse,
1353 684 1423 730 qui
1453 676 1647 731 Olympia*
1659 687 1699 718 et

264 740 407 789 Pythia
425 742 739 790 complectuntur
758 754 848 778 cum
867 743 1025 779 scholiis
1040 745 1113 781 τῶν
1134 740 1323 797 νεωτέρων.
1348 743 1450 779 Sunt
1469 743 1514 780 hi
1533 740 1695 797 νεώτεροι

265 805 439 841 Thomas
468 805 660 854 Magister
689 811 727 842 et
754 805 920 842 Manuel
939 806 1223 856 Moschopulus
1244 807 1458 844 Cretensis.
1512 807 1612 844 Inde
1631 820 1700 856 per

270 867 365 905 Saec.
395 879 461 903 xv.
491 867 635 903 invasit
651 867 824 904 studium
847 868 1091 905 describendi
1125 868 1286 904 Pindari
1305 868 1451 905 multos
1470 869 1575 905 viros
1608 868 1701 905 doc-

267 932 341 970 tos,
364 927 594 975 plerumque
615 939 634 963 e
647 928 760 965 codd.
778 929 854 965 illis
876 929 1096 966 recentibus
1113 946 1122 975 ;
1155 930 1259 978 quod
1279 935 1318 966 et
1335 930 1512 966 obtinuit
1528 930 1601 966 sub
1621 930 1702 978 pri-

264 989 420 1025 mordia
440 989 532 1025 Saec.
563 1001 646 1025 xV1.
675 995 888 1038 antequam
917 990 1062 1027 Aldina
1090 991 1210 1027 editio
1241 990 1397 1039 (1513.)
1420 996 1579 1040 poetam
1598 992 1701 1040 typis

268 1050 463 1087 redditum
486 1050 704 1099 evulgavit.
759 1051 794 1087 E
815 1064 892 1100 qua
911 1052 1032 1088 classe
1049 1059 1144 1088 sunt
1161 1052 1271 1089 codd.
1300 1052 1415 1090 Bodl.
1447 1053 1492 1090 A.
1519 1053 1567 1090 Β.
1598 1053 1701 1103 Aug.

267 1117 305 1147 et
324 1112 498 1159 plerique
515 1112 594 1148 alii.
653 1112 797 1149 Prioris
818 1114 974 1162 generis
996 1125 1100 1150 unus
1123 1114 1172 1150 ab
1207 1115 1348 1157 amico,
1369 1114 1433 1151 cui
1451 1115 1517 1151 vel
1537 1116 1702 1152 nomine

265 1186 342 1209 non
365 1171 516 1218 adjecto
545 1178 702 1223 gratum
734 1187 796 1211 me
826 1175 1025 1223 profiteor,
1054 1175 1149 1211 doni
1178 1175 1265 1212 loco
1295 1181 1491 1224 acceptus,
1521 1182 1560 1213 et
1596 1189 1619 1212 a
1637 1189 1701 1214 me

264 1235 512 1272 bibliothecae
533 1236 765 1272 academicae
800 1236 932 1273 illatus
961 1242 1032 1279 est,
1054 1237 1403 1284 quaternionibus:
1435 1238 1701 1286 complectens

264 1299 449 1347 Olympia
476 1311 566 1335 cum
597 1300 762 1336 Scholiis
792 1301 1053 1337 recentiorum
1083 1300 1202 1336 solis:
1236 1301 1458 1337 charactere
1486 1301 1701 1339 admodum

265 1363 420 1398 minuto
449 1367 617 1399 exarata.
693 1364 799 1400 Inter
826 1364 951 1400 lineas
980 1363 1098 1400 rubro
1127 1364 1270 1407 colore,
1314 1375 1464 1413 magna
1491 1369 1622 1401 tamen
1652 1377 1703 1403 ex

266 1429 374 1471 parte
394 1429 474 1459 tam
496 1424 731 1472 subpallido,
762 1430 807 1462 ut
826 1438 933 1462 meos
963 1426 1098 1462 oculos
1117 1425 1258 1462 litterae
1286 1425 1487 1475 fugerent,
1508 1426 1703 1474 adscripta
1730 1419 1732 1425 ¹

265 1491 323 1521 est
350 1485 482 1534 glossa
513 1493 698 1534 perpetua
718 1491 757 1533 †.
816 1488 916 1523 Cum
950 1487 1128 1535 pluribus
1162 1487 1259 1523 locis
1300 1488 1534 1536 comparatis
1554 1489 1704 1525 intelli-

264 1559 396 1596 gerem
418 1548 629 1584 convenire
649 1548 822 1585 codicem
843 1561 934 1585 cum
955 1551 1090 1585 ceteris
1114 1545 1230 1594 hujus
1249 1549 1395 1592 classis,
1418 1549 1528 1585 nolui
1546 1554 1701 1599 tempus

265 1621 495 1646 consumere
512 1612 801 1658 comparatione
816 1612 937 1648 totius
955 1611 1098 1647 codicis
1115 1610 1374 1647 instituenda.
1420 1611 1578 1647 Scholia
1596 1622 1704 1647 “om-

266 1671 398 1718 paravi
414 1672 547 1707 multis
563 1672 600 1707 in
612 1672 721 1715 locis,
736 1674 880 1720 passim
895 1674 1014 1709 etiam
1032 1685 1079 1709 ex
1091 1672 1224 1708 codice
1239 1671 1509 1709 emendatiora
1525 1673 1702 1721 apposui.

267 1732 366 1770 Quae
386 1732 551 1768 Scholiis
569 1735 753 1781 praemitti
769 1735 908 1777 solent,
927 1734 974 1770 de
994 1735 1077 1770 vita
1097 1733 1259 1770 Pindari
1280 1738 1318 1769 et
1338 1733 1385 1769 de
1396 1734 1544 1774 metris,
1564 1734 1704 1771 viden-

267 1798 331 1828 tur
349 1793 428 1829 fere
445 1806 491 1829 ex
508 1796 577 1830 hac
598 1796 776 1832 codicum
794 1796 914 1834 classe
932 1797 1102 1832 fluxisse.
1157 1795 1220 1831 Ita
1234 1807 1390 1843 quoque
1407 1796 1594 1831 convenit
1610 1807 1702 1832 cum

269 1859 403 1889 nostro
424 1854 497 1889 hoc
526 1856 656 1892 codice
677 1858 799 1894 codex
817 1857 1061 1893 Matritensis
1083 1869 1145 1905 ap.
1160 1856 1298 1892 Iriarte
1319 1867 1359 1891 n.
1378 1855 1466 1892 cxii.
1486 1867 1523 1903 p.
1539 1855 1630 1891 445.
1646 1866 1707 1903 sq.

268 1914 418 1950 Poterit
435 1917 532 1952 alius
555 1929 614 1953 me
629 1915 767 1963 junior
787 1925 825 1955 et
845 1919 969 1955 oculis
987 1918 1197 1960 valentior,
1215 1917 1277 1954 cui
1294 1916 1453 1965 quidem
1473 1921 1703 1964 prospectus

268 1976 361 2012 vitae
381 1977 538 2025 longmr
558 1981 744 2027 suppetit,
765 1981 910 2017 librum
937 1987 1065 2018 totum
1097 1991 1342 2028 comparare3
1379 1978 1452 2014 etsi
1476 1978 1627 2014 fructus
1655 1989 1704 2014 ex

269 2037 338 2072 tali
355 2038 486 2074 labore
497 2041 564 2075 vix
579 2041 678 2077 alius
693 2042 848 2078 uberior
862 2043 1056 2090 expectari
1068 2046 1208 2090 potest,
1222 2052 1339 2088 quam
1356 2045 1399 2075 ut
1410 2039 1598 2075 lectiones
1608 2051 1703 2075 eno-

270 2104 416 2142 tentur‚
438 2112 531 2148 quas
550 2102 614 2138 alii
629 2100 712 2148 jam
734 2117 782 2141 ex
798 2104 884 2141 aliis
900 2104 1011 2141 libris
1026 2107 1179 2140 notatas
1200 2101 1318 2139 modo
1338 2101 1464 2139 bonas
1481 2101 1599 2139 modo
1614 2112 1705 2150 pra-

315 2269 332 2286 *
355 2269 502 2300 Curatum
530 2272 559 2301 id
583 2278 628 2301 est
652 2271 682 2301 in
706 2271 899 2302 Bibliotheca
925 2270 1109 2312 philolog-ica
1129 2269 1340 2310 Gottingensi‚
1363 2270 1459 2299 1779.
1486 2267 1546 2297 vol.
1569 2266 1589 2297 i.
1613 2277 1644 2306 p.
1669 2268 1704 2298 8.

271 2330 317 2360 sq.
333 2327 364 2350 et
379 2323 474 2352 1780.
495 2322 553 2351 vol.
569 2322 602 2352 ii.
621 2333 653 2362 p.
674 2326 728 2354 45.
776 2322 853 2352 Cum
872 2324 1050 2352 varietatem
1067 2332 1133 2351 eam
1145 2321 1212 2361 jam
1227 2327 1383 2350 enotatam
1399 2318 1432 2348 in
1445 2318 1582 2348 editione
1595 2315 1707 2347 Beckii

271 2369 410 2400 viderem
428 2382 556 2412 eamque
574 2373 710 2403 studiose
729 2379 947 2412 pertractatam
965 2383 1146 2412 persuasum
1168 2372 1335 2401 haberem:
1367 2369 1454 2399 nolui
1477 2368 1509 2398 in
1532 2378 1570 2398 ea
1591 2367 1705 2398 iterum

272 2422 481 2460 expendenda
495 2433 618 2462 operam
633 2423 782 2463 ing-iatam
801 2434 991 2454 consumere.

316 2475 338 2508 †
363 2471 480 2502 Eodem
497 2474 585 2502 rubro
608 2474 639 2503 in
655 2473 755 2512 capite
781 2473 936 2504 Carminis
959 2475 979 2505 i.
1005 2474 1151 2514 scriptum
1174 2473 1308 2514 legitur:
1340 2470 1391 2501 ταῦ
1412 2468 1582 2508 σοφωτάτου
1607 2467 1708 2510 Κυρίου

275 2524 372 2558 camai
389 2522 439 2552 τσῦ
463 2522 636 2565 Μωγῖστρου
653 2524 704 2552 καὶ
727 2523 780 2552 τοῦ
795 2522 1006 2562 Μοσχστσῦλου
1030 2524 1136 2565 Κρητδς
1164 2522 1299 2555 Mummi).
1322 2521 1435 2562 σχὸλια
1459 2519 1501 2550 ἔτι
1524 2518 1622 2550 ἐνθάδε
1641 2519 1708 2558 ’ἔχει

273 2572 381 2614 ἀρχήν.
418 2575 577 2608 anu-eadem
591 2575 643 2604 πῖ]
655 2574 878 2614 Μοσχοτοὺλου.
924 2576 971 2604 Ad
988 2576 1102 2606 calcem
1119 2575 1237 2606 codicis
1252 2574 1424 2614 subscripta
1438 2576 1526 2602 sunt:
1550 2569 1706 2602 ἐτελειώθη

272 2624 288 2655 ἧ
304 2625 407 2660 βίβλος
420 2625 498 2658 αὕτη
511 2624 556 2656 διὰ
570 2625 664 2667 χωρὶς
676 2626 744 2662 ἐμοῦ
757 2626 807 2655 τοῦ
819 2626 1000 2666 Quaenam?
1012 2626 1172 2668 I'gnyoft'w.
1210 2627 1236 2656 Α
1253 2623 1507 2666 Gregoriolgitur
1523 2621 1627 2663 aliquo
1641 2630 1705 2651 mo-

273 2675 371 2706 nacho
386 2677 532 2717 scriptum
556 2689 622 2709 esse
638 2678 747 2708 librum
765 2678 922 2707 discimus,
