1877 3137
253 223 335 260 238
823 217 1122 259 PYTHIA.

474 347 543 400 Εἴ
562 369 671 399 ποτε
700 344 922 416 χειμὲξιον

473 433 581 501 HS?
610 430 809 492 ἐξίκηται
838 428 1053 488 λοίσθιον,

348 530 429 569 475
458 511 534 566 ‚xH
562 511 637 565 σὺν
663 514 823 584 ὀρθαῖς
851 511 1037 563 meinero-1

473 594 820 649 Δεσποσῦναισιν
850 591 1097 665 ἓξειδομὲνα

473 679 678 749 Μόχῧον
706 677 871 735 ἄλλοις
900 674 1100 746 ἀμφέπει

475 761 701 813 Δύστανον
730 761 767 811 ἐν
795 759 1003 829 τείχεσιν,

471 843 570 896 “Εον
598 843 872 916 ἓξημῶσασα
898 844 1051 912 χῶξον.

791 985 842 1021 Ε.
873 978 939 1032 ιβ’.
1000 983 1054 1022 Κ.
1086 977 1154 1035 ιγ’.

350 1093 433 1129 480
471 1076 603 1128 ’Effert
633 1075 666 1128 δ’
699 1074 827 1145 ιάτῆξ
857 1073 1206 1145 ἐπικαιρότατος,

250 1251 297 1281 iii.
316 1251 370 1280 94.
394 1247 448 1277 Ol.
464 1248 504 1279 vi.
522 1249 572 1278 65.
619 1246 753 1277 Praestat
770 1245 854 1276 haud
872 1244 967 1276 dubie
985 1255 1050 1287 mg,
1076 1250 1109 1274 ut
1126 1245 1174 1275 vel
1199 1244 1377 1274 retrahatur
1399 1244 1438 1275 ad
1466 1243 1529 1281 καὶ,
1551 1243 1607 1274 καί
1632 1255 1700 1287 περ,

252 1302 314 1342 vel,
339 1301 364 1331 si
386 1300 445 1329 hoc
470 1298 594 1339 longius
610 1298 709 1332 abest,
724 1295 794 1327 διδοῖ
812 1308 874 1338 περ.
920 1297 1018 1325 Recte
1035 1307 1158 1336 quoque
1177 1294 1268 1325 ἓοῖῑναι
1293 1296 1393 1335 ψῆφον
1413 1296 1531 1336 ἑαυτῆς,
1554 1297 1696 1327 indicium

249 1355 305 1385 sui.
319 1351 362 1384 cf.
381 1351 488 1381 Pauw.
533 1349 594 1379 Sed
618 1348 743 1389 gravius
759 1353 806 1378 est
823 1348 860 1378 de
878 1353 944 1377 tota
959 1348 1116 1377 sententia
1132 1358 1269 1379 monere.
1293 1349 1318 1377 A
1339 1360 1368 1377 ν.
1384 1350 1458 1379 471.
1484 1347 1629 1388 apodosis
1647 1351 1694 1377 est

251 1402 480 1436 constituenda.
501 1411 532 1431 v,
548 1400 620 1431 Not.
669 1400 776 1439 Usque
793 1399 832 1429 ad
845 1402 921 1431 479.
948 1399 1089 1439 procedit
1105 1399 1274 1439 apologus,
1298 1397 1435 1437 αἴνιγμα,
1455 1398 1548 1438 cujus
1564 1398 1696 1428 solutio-

252 1467 320 1487 nem
337 1460 457 1485 veteres
474 1458 504 1482 et
520 1457 661 1482 recentes
678 1452 864 1491 interpretes
876 1450 950 1481 inde
965 1456 1087 1490 petunt,
1105 1456 1139 1480 ut
1153 1450 1190 1480 ad
1210 1451 1432 1491 Damophilum
1451 1450 1574 1480 exulem
1591 1456 1694 1479 trans-

250 1507 374 1537 ferant:
401 1503 476 1533 satis
500 1502 708 1537 incommode,
732 1502 770 1531 ad
788 1512 889 1531 meum
906 1509 992 1532 certe
1007 1511 1148 1533 sensum.
1196 1501 1353 1541 Equidem
1370 1502 1466 1532 latius
1482 1508 1577 1532 totam
1594 1502 1695 1541 Cyre-

251 1567 389 1588 naeorum
409 1555 565 1584 fortunam
585 1553 701 1594 respici
715 1553 861 1584 arbitror.
908 1552 1032 1583 Acerbe
1046 1553 1077 1583 in
1093 1563 1146 1583 eos
1161 1553 1305 1583 saevierat
1321 1552 1518 1592 Arcesilaus,
1535 1563 1584 1582 res
1600 1561 1699 1582 novas

249 1609 385 1640 inolitos.
432 1606 528 1636 Nunc
554 1616 590 1634 eo
613 1611 707 1646 poeta
723 1605 849 1645 alludit,
872 1615 910 1635 ne
929 1604 1022 1635 nimis
1045 1605 1076 1634 in
1095 1604 1179 1635 cives
1196 1605 1303 1635 saevire
1320 1610 1446 1646 pergat,
1472 1610 1622 1644 tanquam
1640 1612 1696 1643 pa·

247 1661 362 1691 tientes
386 1658 466 1688 adeo
485 1656 561 1698 jugi
583 1663 614 1688 et
631 1656 756 1696 injuria:
774 1667 897 1698 semper
911 1657 1056 1688 futuros:
1083 1657 1175 1687 etiam
1199 1657 1319 1688 accisas
1343 1667 1450 1687 eorum
1477 1662 1509 1687 et
1530 1657 1697 1696 depressas

248 1714 331 1743 vires
348 1711 480 1743 habere.
495 1709 580 1750 quod
594 1716 731 1749 tyranno
746 1709 920 1739 timendum
937 1709 991 1741 sit.
1039 1709 1091 1739 Sic
1114 1709 1196 1739 bene
1212 1709 1353 1740 cohaeret
1366 1708 1466 1739 oratio
1483 1720 1513 1739 v.
1528 1710 1607 1739 480.
1625 1718 1698 1747 sqq.

247 1777 310 1807 qua
333 1769 452 1803 monet,
476 1770 511 1793 ut
527 1762 614 1794 mitia
630 1762 771 1793 remedia
786 1761 937 1793 adhibeat
960 1761 1002 1791 ad
1018 1762 1138 1792 animos
1159 1761 1275 1791 civium
1302 1761 1502 1792 exulceratos
1529 1760 1698 1791 sanandos.

246 1819 293 1848 De
312 1815 514 1857 Dauiophilo‚
530 1825 597 1845 meo
611 1814 748 1854 judicic,
769 1825 831 1845 non
843 1814 951 1855 agitur
968 1813 1028 1844 nisi
1043 1825 1062 1844 a
1078 1825 1107 1845 v.
1123 1814 1201 1846 493.
1219 1813 1261 1844 cf.
1275 1813 1353 1845 Not.
1461 1815 1537 1844 474.
1551 1810 1696 1842 λοίσθιον.

246 1870 311 1899 sive
328 1875 363 1898 ut
381 1868 420 1897 sit
436 1866 566 1897 adverb.
580 1866 727 1906 ultimum,
743 1866 884 1906 denique,·
911 1866 976 1895 sive
991 1865 1161 1905 adjective,
1179 1864 1310 1895 λοίσθιον
1325 1864 1401 1907 πῦρ,
1417 1870 1452 1894 ut
1469 1864 1590 1901 Latine,
1603 1866 1696 1894 novis-

706 1916 845 1957 Conjicit
869 1916 979 1956 λοίγιον
1005 1917 1146 1948 Gedike.
1191 1916 1352 1956 [Heynius
1378 1915 1408 1946 in
1433 1920 1524 1945 textu
1547 1921 1616 1956 post
1631 1913 1695 1945 λοί-

837 1969 912 1999 477.
935 1967 1077 2008 ἇμφέο-ιι.
1096 1972 1200 2008 potest
1216 1966 1316 1996 videri
1329 1965 1530 1996 scribendum
1547 1975 1616 1996 esse
1631 1964 1695 2003 ἆμ-

1199 2017 1237 2047 In
1262 2017 1400 2048 Homero
1420 2023 1525 2048 tamen
1549 2026 1632 2058 saepe
1648 2015 1696 2046 sie

245 1923 330 1953 simus
344 1922 419 1962 ignis
435 1929 506 1949 cnm
525 1918 658 1948 invadit.

248 1972 328 2002 5310!
351 1971 442 2011 plene
467 1967 694 2010 interpunxit]

247 2021 335 2063 φίςῃ.
354 2032 424 2052 nam
442 2019 717 2059 εἴποτε-ἐξίκηται
732 2018 749 2052 ἦ
766 2018 896 2060 ἀμφέπει
919 2029 952 2050 se
972 2019 1151 2061 excipiunt.

248 2073 398 2104 variatur.

289 2218 364 2248 479.
390 2215 472 2246 Mihi
490 2222 556 2246 tota
572 2217 619 2247 vis
637 2218 759 2259 apologi,
784 2226 878 2256 quem
897 2215 943 2246 vi-

247 2266 362 2306 dimus,
378 2265 496 2296 versari
512 2265 681 2296 videbatur
694 2267 724 2295 in
738 2267 832 2297 indole
844 2265 944 2306 Cyre-

247 2326 386 2347 naeorum
411 2316 450 2346 ad
474 2316 635 2346 libertatem
661 2315 830 2355 poocliviore
856 2316 944 2346 nulla

247 2366 418 2407 asperitate
434 2371 466 2396 et
479 2364 599 2395 saevitia
616 2364 769 2395 Arcesilai
785 2366 855 2406 (per
867 2376 941 2406 sup-

248 2417 346 2458 plicia
374 2421 405 2445 et
431 2413 548 2455 exilia)
576 2413 787 2455 extirpanda:
810 2420 845 2444 ut
869 2415 943 2447 ilicis

245 2472 364 2506 natura,
386 2465 444 2495 etsi
463 2465 556 2495 ramis
571 2475 608 2496 ac
630 2464 797 2494 frondibus
817 2466 941 2506 accisae,

246 2521 352 2547 manet
368 2515 499 2556 eadem3
518 2525 588 2545 nam
606 2514 656 2545 vel
671 2514 716 2545 sic
732 2514 856 2554 usibus,
871 2515 941 2556 qui-

246 2565 308 2596 bus
325 2565 483 2596 destinata
500 2570 579 2601 erat,
592 2563 807 2603 inserviendo,
823 2573 856 2593 se
869 2574 942 2604 pro-

247 2616 305 2646 bat
320 2615 435 2651 ilicem,
458 2615 509 2645 vel
527 2615 595 2655 igni
610 2614 771 2644 materiam
797 2613 941 2654 praeben-

250 2665 302 2705 do,
329 2665 378 2695 vel
408 2670 442 2695 ut
466 2664 498 2694 in
527 2664 647 2694 trabem
672 2663 797 2694 edolata
823 2667 940 2693 tectum

247 2714 411 2745 sustineat.
456 2714 597 2755 Fugerat
610 2713 788 2745 Arcesilaus
801 2712 941 2753 Samum,

248 2763 333 2793 unde
358 2764 457 2805 copiis
481 2764 596 2795 coactis
625 2764 731 2796 rediit.
781 2764 850 2794 Deo
866 2774 940 2795 con-

249 2812 330 2844 sulto
350 2812 458 2852 jussus
480 2821 546 2846 erat
574 2815 747 2846 clementer
768 2814 815 2845 uti
843 2814 941 2854 Cyre-

1001 2215 1166 2246 nensibus.
1213 2214 1306 2249 Quod
1340 2214 1373 2244 in
1401 2218 1496 2254 poeta
1521 2210 1694 2253 reprehen-

1000 2266 1064 2302 das,
1087 2271 1135 2295 est
1151 2264 1265 2295 nimius
1282 2268 1313 2294 et
1329 2262 1443 2304 partim
1461 2262 1586 2292 alienus
1602 2270 1695 2291 orna-

998 2322 1061 2356 tus,
1077 2326 1182 2355 quem,
1193 2325 1249 2345 seu
1262 2313 1347 2354 quod
1359 2313 1511 2354 ambages
1521 2311 1691 2354 apologum

998 2365 1111 2397 decere
1137 2364 1271 2406 putavit,
1300 2375 1356 2395 seu
1383 2372 1529 2394 mensura
1555 2361 1694 2402 strophae

997 2421 1126 2446 coactus
1140 2414 1297 2445 adhibuit.

1039 2467 1113 2497 480.
1132 2465 1177 2495 Tu
1194 2471 1274 2504 potes
1288 2463 1368 2494 malis
1383 2464 1455 2502 reip.
1474 2462 1595 2501 mederi,
1611 2461 1694 2492 modo

996 2515 1124 2546 molliora
1137 2514 1265 2545 remedia
1279 2512 1576 2543 adhibueris.-—-481.
1593 2510 1703 2541 Παιάι»

998 2576 1030 2595 τε
1043 2563 1140 2605 (ἐστὶ)
1153 2562 1196 2593 σοὶ
1211 2561 1282 2601 φάος
1305 2561 1393 2600 τιμᾷ,
1410 2571 1477 2601 pro,
1494 2562 1533 2602 τῇ
1547 2562 1622 2603 τιμῇ
1634 2573 1697 2598 σου,

997 2621 1052 2645 tuae
1075 2614 1175 2655 gloriae
1200 2613 1249 2643 lu:
1279 2618 1328 2647 est,
1355 2610 1388 2642 h.
1419 2615 1446 2640 te
1475 2610 1611 2649 illustrat,
1643 2611 1694 2641 vel

997 2663 1098 2694 Παιάν
1117 2675 1148 2693 τε
1168 2661 1231 2693 {aq-2
1251 2659 1321 2701 φάος
1347 2672 1401 2701 τοι,
1426 2658 1506 2702 (σὺν)
1529 2661 1606 2700 τιμᾷ
1628 2672 1706 2697 σου.-

996 2714 1114 2746 Parum
1145 2713 1195 2743 his
1223 2710 1367 2741 confido:
1399 2719 1622 2751 quamcunque
1646 2715 1692 2739 ta-

997 2773 1068 2793 men
1086 2764 1166 2793 viam
1185 2761 1304 2797 inieris,
1317 2760 1448 2791 molesta
1464 2765 1512 2790 est
1525 2759 1691 2790 verborum

997 2818 1168 2845 structura.
1204 2812 1368 2843 Sententia
1388 2819 1492 2844 tamen
1511 2820 1566 2851 per
1581 2820 1614 2840 se
1631 2818 1694 2839 non
