1877 3137
726 227 1127 271 PRAEFA'rio.
1352 206 1354 209 ’
1623 243 1648 265 v

214 358 306 403 tius
327 354 502 401 accidit
525 354 576 399 in
599 352 778 406 critica,
801 352 984 414 quippe
1009 352 1061 397 in
1083 351 1227 397 rebus
1252 352 1479 398 tenuibus
1504 359 1552 398 et
1570 369 1651 399 ex-

215 431 359 476 ilibus
394 432 638 489 occupata,
677 441 825 488 quam
859 426 908 471 in
948 425 1048 470 ullo
1073 426 1167 471 alio
1200 425 1433 471 doctrinae
1457 443 1651 487 genere.

216 502 409 556 Verum,
441 507 494 546 ut
527 500 646 554 dixi,
676 507 840 562 aperte
873 498 990 544 falsa
1019 499 1260 559 corrigere
1289 498 1420 544 haud
1457 500 1613 562 refugi
1639 520 1651 554 ;

216 581 429 621 exactam
453 574 514 620 ad
539 580 689 619 certas
714 572 910 633 regulas
940 571 1198 618 dialectum
1228 572 1538 619 Pindaricam
1582 590 1653 619 re-

215 649 380 703 stitui3
416 649 507 694 11181
542 647 733 709 quoties
757 646 921 692 animo
957 646 1063 691 aliis
1087 646 1217 692 curis
1253 645 1474 693 districto
1520 647 1657 693 locus

218 737 342 768 unus
360 730 407 768 et
431 722 550 767 alter
572 737 651 767 me
676 720 799 782 fugit
816 722 861 766 *ἢ

289 795 582 841 Videbantur
601 794 722 840 mihi
746 799 876 839 tanto
910 795 1093 855 majore
1125 810 1241 840 cura
1272 795 1421 856 digna
1453 811 1524 851 ea,
1555 797 1658 843 sine

221 871 400 933 quibus
419 870 576 915 omnis
592 867 882 915 emendandi
900 868 1112 930 impetus
1127 874 1174 914 et
1191 879 1390 915 conatus
1411 884 1558 916 vanus
1572 876 1660 926 est,

222 945 345 1005 (loca
368 945 498 990 enim
522 944 572 988 in
599 941 810 987 Pindaro
835 948 1075 1003 corrupta,
1101 943 1268 989 saltem
1291 944 1374 998 sic,
1400 949 1453 988 ut
1473 950 1661 990 senten-

220 1018 285 1062 tia
302 1033 362 1063 ex
381 1032 520 1062 corru
532 1016 658 1077 ptela
677 1016 876 1069 laboret,
894 1021 1005 1060 sunt
1023 1016 1313 1077 paucissima
1330 1018 1362 1078 ;)
1397 1033 1451 1063 ea
1463 1018 1661 1074 scilicet,

221 1107 332 1155 quae
354 1092 413 1137 ad
438 1091 886 1153 interpretationem
905 1090 1142 1139 facerent:
1163 1096 1246 1148 ut,
1273 1093 1404 1156 quod
1427 1109 1575 1155 supra
1592 1095 1663 1140 in-

222 1166 446 1221 nuebam,
482 1179 678 1211 carmen
696 1165 902 1226 lyricum
926 1165 1113 1226 legatur
1132 1167 1333 1229 quidem
1353 1183 1409 1213 eo
1430 1184 1541 1214 cum
1561 1184 1665 1214 sen-

223 1256 279 1286 su
299 1241 448 1286 animi
473 1246 520 1285 et
536 1240 725 1294 affectu,
747 1256 894 1302 quem
913 1240 1034 1286 illud
1054 1241 1145 1287 sibi
1172 1243 1393 1303 postulat,
1415 1241 1665 1288 sententiis

222 1320 381 1361 tamen
398 1314 602 1375 singulis
617 1314 729 1359 satis
750 1314 1065 1376 perspectiset
1077 1315 1345 1371 intellectis,
1362 1332 1465 1371 1166,
1485 1323 1536 1362 ut
1556 1332 1667 1362 con-

223 1389 338 1434 tenti
371 1389 466 1434 sint
493 1389 692 1433 lectores
727 1388 932 1434 obscura
964 1388 1128 1457 aliqua
1167 1405 1256 1435 nec
1286 1391 1397 1436 satis
1438 1391 1667 1453 explicita

222 1462 479 1508 verborum
502 1477 557 1507 ac
578 1462 923 1507 sententiarum
947 1463 1159 1509 notione.
1235 1464 1377 1527 Saepe
1394 1465 1525 1511 enim
1567 1465 1664 1525 legi

225 1535 403 1581 et'verti
419 1535 518 1581 vidi
529 1534 792 1581 Pindarica
806 1536 921 1581 scite
930 1541 977 1580 et
990 1536 1248 1597 eleganter,
1268 1544 1321 1583 ut
1334 1545 1495 1584 tamen
1506 1545 1667 1601 aperte

226 1608 347 1653 mihi
380 1614 634 1662 constaret,
659 1623 749 1653 nec
768 1609 1032 1654 verborum
1059 1610 1158 1655 vim
1182 1627 1270 1656 1166
1303 1613 1557 1658 sententiae
1584 1616 1677 1658 no-'‘

227 1683 409 1728 tionem
434 1682 611 1728 claram
636 1699 691 1728 ac
715 1683 938 1729 disertam
964 1685 1137 1731 animis
1162 1687 1420 1743 insedisse3
1455 1689 1568 1734 satis
1600 1689 1669 1735 vi-

229 1770 337 1800 sum
366 1770 485 1810 esse,
517 1755 789 1801 dummodo
818 1758 1053 1817 generalis
1076 1760 1239 1822 aliqua
1271 1762 1534 1807 enuntiatio
1562 1761 1669 1808 red-

228 1827 433 1874 deretur.
507 1827 637 1874 Cum
653 1834 813 1875 tamen
829 1831 1023 1895 eos2qui
1040 1832 1100 1879 ad
1121 1832 1389 1880 Pindarum
1405 1835 1669 1897 legendum

225 1901 474 1956 accedunt,
499 1902 672 1962 graecis
695 1902 863 1949 litteris
879 1904 984 1965 jam
1006 1906 1309 1968 aliquantum
1334 1909 1547 1955 imbutos
1560 1914 1668 1955 'esse

229 1975 424 2021 credere
448 1991 534 2037 par
556 1976 646 2031 sit3
692 1990 837 2037 porro
868 1993 981 2024 cum
1023 1981 1348 2044 relinquenda
1387 1989 1547 2029 essent
1577 1984 1670 2030 alia

230 2049 304 2103 iis,
333 2050 415 2111 qui
451 2050 681 2096 lectiones
711 2057 792 2096 aut
826 2053 1126 2101 recitationes
1155 2056 1206 2101 in
1240 2056 1507 2109 Pindarum
1538 2057 1670 2104 insti-

230 2127 401 2178 tuunt;
437 2123 734 2187 adjectisque
767 2141 896 2172 nunc
935 2127 1142 2175 Scholiis
1176 2131 1330 2176 multa
1355 2146 1414 2176 ex
1456 2131 1531 2177 his
1571 2133 1668 2194 peti

231 2197 444 2259 possint3
492 2198 614 2245 mihi
649 2207 810 2245 autem
842 2202 1088 2249 brevitatis
1110 2205 1324 2258 studium
1351 2206 1486 2252 cordi
1518 2214 1668 2255 esset:

231 2271 478 2317 continere
512 2287 590 2318 me
631 2274 858 2320 constitui
889 2276 1264 2338 interpretandis
1296 2287 1342 2326 et
1376 2281 1669 2329 illustrandis

230 2343 303 2399 iis,
325 2359 435 2404 quae
452 2351 533 2391 aut
545 2347 706 2392 minus
721 2354 847 2393 recte
861 2351 1035 2410 passim
1045 2367 1145 2399 esse
1158 2353 1355 2416 accepta
1370 2355 1601 2412 videram,
1617 2363 1671 2403 ut

231 2423 390 2464 tamen
405 2420 650 2467 neminem
673 2421 945 2469 refellerem
965 2440 1052 2471 nec
1069 2427 1276 2474 aliorum
1298 2429 1426 2476 dicta
1443 2446 1670 2492 congere-

274 2565 293 2583 *
310 2565 360 2596 Ita
373 2566 488 2608 effugit
503 2568 610 2599 oculos
626 2580 710 2600 meos
725 2571 775 2602 Ol.
791 2571 831 2602 ix.
844 2573 895 2603 91.
910 2573 1046 2614 ἐφάψαις,
1062 2577 1144 2614 qnod
1161 2587 1227 2608 esse
1243 2578 1337 2608 debet
1349 2578 1494 2618 ἐφάψαις,
1510 2580 1561 2613 01.
1575 2581 1627 2613 vii.
1639 2585 1670 2615 8.

232 2623 263 2647 et
279 2629 308 2647 x.
325 2620 379 2649 58.
399 2618 548 2656 τιμάσαις,
564 2627 595 2650 et
610 2621 650 2652 P.
667 2622 712 2653 iii.
732 2625 803 2654 190.
829 2623 997 2666 ἐπιβρίσαις.
1045 2626 1143 2658 Porro
1157 2628 1310 2668 genitivos
1331 2630 1484 2661 debebam
1500 2633 1577 2663 forte
1603 2634 1670 2674 plu-

233 2667 318 2697 ribus
332 2669 406 2699 locis
421 2670 525 2700 dorice
539 2670 722 2710 inflectere3
748 2680 780 2703 ut
795 2673 849 2705 01.
877 2676 944 2707 xiii.
961 2678 1015 2708 52.
1049 2678 1135 2716 μηιὸς
1160 2691 1192 2708 τε
1222 2680 1343 2716 τωύτοῦ,
1365 2681 1516 2713 debebam
1540 2695 1670 2716 exarare

236 2718 434 2751 vmbri—P.
453 2720 485 2751 ii.
503 2724 578 2752 170.
594 2722 801 2762 μηχανῶντοιι.
818 2724 895 2756 forte
911 2727 1123 2767 μαχαιῶιταις
1139 2740 1210 2759 cum
1228 2730 1268 2759 sit
1281 2731 1414 2772 μαχαναὶ
1430 2734 1568 2775 pluribus
1584 2737 1673 2773 locis,

239 2767 277 2798 P.
295 2769 314 2801 i.
333 2771 388 2800 79.
405 2770 446 2802 iii.
466 2774 539 2801 100.
559 2774 633 2804 194.
649 2781 709 2803 etc.
726 2774 759 2804 P.
777 2775 824 2806 111.
856 2780 909 2808 47.
936 2778 1089 2818 μηλοδόκῳ
1113 2781 1249 2820 Πυθῶνι,
1264 2781 1343 2813 forte
1369 2783 1539 2825 μαλοδόκῳ.
1588 2788 1668 2819 Nam

237 2820 410 2858 suutpzaa
425 2822 491 2852 aliis
513 2822 603 2853 locis:
636 2831 668 2855 ut
685 2826 738 2856 Ol.
763 2826 815 2857 vii.
836 2830 909 2860 116.
936 2830 1026 2862 Nem.
1054 2831 1119 2862 viii.
1145 2833 1178 2862 4.
1204 2833 1360 2876 γλεφάροις
1377 2846 1433 2876 pro
1455 2837 1625 2879 βλεφάροις.
