1877 3137
675 610 997 659 NEMEA.

735 797 885 830 ΕΙΔΟΣ
921 795 959 828 ά.

324 955 807 1021 ΧΡΟΜΙῼ
868 953 1402 1020 ΑΙΤΝΑΙΩ.

729 1177 1009 1216 ΑΡΜΑΤΙ.

658 1557 932 1595 ARGUMEN
937 1558 1072 1596 TUM.

144 1681 347 1718 LAUDEM
368 1675 531 1716 victoris
556 1675 840 1715 communicat
858 1689 954 1716 cum
978 1676 1242 1717 insula—29.
1304 1677 1406 1718 Inde
1427 1677 1595 1718 virtutes

143 1734 314 1775 victoris
336 1734 529 1782 celebrat,
550 1730 719 1787 ejusque
737 1731 864 1772 vitam
898 1733 1003 1773 inter
1033 1740 1198 1774 strenua
1228 1736 1336 1776 facta
1373 1740 1556 1775 exactam
1577 1747 1589 1782 3

140 1805 224 1845 qua
243 1790 457 1831 deducitur
477 1789 528 1829 ad
550 1788 746 1830 Herculis
768 1789 895 1831 vitam
919 1791 1161 1833 laboriosam
1178 1791 1273 1833 inde
1295 1794 1345 1833 ab
1359 1792 1457 1847 ipsis
1472 1793 1592 1832 incu-

143 1847 323 1899 nabulis,
345 1847 549 1901 anguibus
571 1846 621 1886 ab
644 1860 692 1886 eo
717 1845 823 1888 elisis
845 1861 869 1887 a
892 1861 932 1888 v.
953 1852 1022 1890 49.

718 2002 769 2042 Σ.
799 1999 841 2041 ά.
901 2003 955 2041 Κ.
987 1999 1012 2040 ι’.

373 2086 812 2144 ΑΜΠΝΕΥΜΑ
841 2091 992 2162 σεμνὸν
1019 2094 1237 2159 Ἀλφεοῦ,

376 2177 571 2226 Κλεινᾶν
594 2178 893 2245 Συξακοσσᾶν
915 2177 1081 2236 θάλος,
1101 2176 1347 2247 Ὀξτυγῖα,

187 2336 217 2364 1.
241 2344 260 2362 e
272 2344 283 2363 ι
295 2344 318 2370 μ
330 2332 451 2363 ΝΓἈ..
468 2334 712 2369 Schmidius,ad
730 2335 988 2366 antitheticorum
1008 2338 1202 2378 exemplum.
1232 2338 1355 2376 [Utitur
1372 2347 1463 2368 versu
1481 2337 1550 2369 Cic.
1569 2339 1608 2368 ad

142 2383 210 2414 Au.
224 2383 280 2414 xii.
300 2387 330 2415 5.
377 2383 422 2414 Ετ
437 2383 576 2424 Schedia]

194 2499 365 2529 Chromius
399 2500 585 2541 Agesidnmi
624 2500 666 2531 fil.
717 2500 850 2531 Gelonis
953 2508 982 2534 1.
1000 2504 1042 2533 Ut
1058 2504 1135 2534 alias
1152 2504 1191 2533 ab
1217 2503 1446 2542 Syracusarum
1461 2503 1507 2532 sic
1525 2511 1610 2532 nunc

145 2559 280 2582 sororem
309 2549 509 2580 matrimonio
533 2549 663 2582 habuit:
699 2550 781 2581 infra
809 2551 852 2583 ix.
908 2558 943 2582 ut
959 2553 1059 2584 variet
1076 2554 1143 2583 haec
1156 2553 1279 2594 poetica
1292 2552 1484 2594 copia,(nec
1507 2552 1599 2582 aliam

144 2598 277 2629 alterum
294 2609 419 2630 carmen
436 2601 467 2630 in
486 2600 582 2630 aliam
601 2598 670 2639 ejus
688 2601 849 2632 victoriam
906 2611 1048 2633 caussam
1073 2600 1240 2643 desidero)
1256 2602 1296 2631 ab
1318 2601 1477 2642 Ortygiae‚
1491 2611 1598 2632 earnm

145 2653 192 2676 est
208 2647 340 2687 factum,
357 2649 411 2680 ubi
441 2649 505 2681 vid.
521 2649 630 2680 Schol.
654 2650 693 2680 ad
732 2660 764 2682 v.
793 2650 847 2681 95.
907 2651 1017 2691 partis,
1056 2651 1206 2681 laudibus
1243 2651 1365 2681 initium
1396 2651 1494 2683 facit:
1533 2656 1600 2682 emt

142 2696 226 2726 Cum
255 2697 384 2728 AEtnoeus
415 2699 638 2739 pronuntiatus
665 2699 717 2734 sit,
748 2698 847 2728 serior
906 2706 1009 2731 autem
1046 2700 1213 2731 Chromius
1257 2701 1489 2741 Syracusanus,
1527 2710 1598 2731 mox

145 2755 214 2775 esse
230 2745 339 2776 debuit
351 2746 481 2776 victoria
495 2746 592 2776 AEtna
603 2747 733 2778 condita
746 2760 753 2777 :
769 2746 849 2776 forte
906 2749 1059 2781 AEtnaeus.

155 2794 246 2827 Nem.
260 2794 360 2826 xlviii.
374 2795 445 2837 (01.
464 2796 565 2827 1xxvi.
580 2795 629 2836 4.)
