1877 3137
683 192 1092 237 PRAEFATIO.
1552 194 1610 236 xli

173 331 299 371 nuper
314 321 363 359 ad
381 333 444 359 me
463 320 758 370 perhumaniter
773 318 960 356 Reiskius
976 320 1102 356 varias
1118 318 1308 356 lectiones
1328 329 1419 355 curn
1438 315 1611 361 scholiis,

171 394 240 420 seu
260 384 390 432 potius
421 383 576 433 glossis,
594 395 615 419 e
635 382 768 419 codice
802 381 1038 431 Augustano
1060 392 1276 430 papyraceo
1307 385 1474 423 recente,
1492 391 1612 427 quem

171 445 276 482 hunc
295 446 436 483 ultimo
456 446 543 482 loco
563 448 825 482 memoratum
846 455 930 480 esse
964 455 1122 481 necesse
1142 448 1214 479 est.
1272 441 1357 478 Nec
1378 442 1486 478 enim
1507 441 1611 477 ultra

170 507 357 556 Olympia
375 507 559 556 procedit,
583 510 622 543 et
641 518 688 543 ex
709 498 985 541 recentissimis
1006 510 1064 541 est
1083 522 1093 551 3
1124 515 1294 552 eumque
1313 508 1382 540 aut
1401 514 1450 538 ex
1468 502 1615 538 Aldina

171 570 424 619 descriptum,
443 575 517 608 aut
537 582 627 607 curn
645 569 713 606 illa
729 573 768 605 et
787 580 878 607 cum
899 567 1025 606 Palat.
1055 569 1100 606 C.
1129 579 1173 604 ac
1193 567 1307 604 Bodl.
1338 566 1382 602 C.
1411 577 1459 601 ex
1475 564 1614 602 eodem

174 631 289 668 fonte
306 632 469 669 fluxisse
491 632 661 668 arbitror
673 630 710 667 ἦρ.

225 693 364 731 Illatus
396 705 520 743 nuper
551 699 618 730 est
641 694 683 730 in
718 690 1001 730 bibliothecam
1035 689 1218 739 Georgiae
1251 688 1442 738 Augustae
1477 686 1615 724 Codex

170 752 447 804 bombycinus,
466 755 564 792 folio
585 755 752 798 minore,
783 758 979 791 vetustate
995 757 1035 789 et
1064 752 1144 788 situ
1160 750 1266 788 haud
1287 761 1425 798 parum
1442 750 1614 792 attritus,

170 818 358 867 Olympia
376 823 415 854 et
435 817 576 866 Pythia
607 830 698 855 cum
719 817 878 855 scholiis
912 816 1141 865 complexus
1160 832 1171 861 3
1200 810 1388 860 subjectis
1423 813 1617 850 Nicandri

169 881 371 918 Theriacis
388 888 427 918 et
444 881 791 930 Alexipharmacis,
807 881 847 917 in
867 879 1010 928 quibus
1023 877 1220 927 permulta
1234 877 1311 913 alio
1326 877 1478 919 ordine,
1496 888 1617 924 quarn

171 943 214 980 in
236 943 424 993 vulgatis,
444 943 620 980 exhiberi
650 943 838 986 vidimus,
873 941 1012 977 itidem
1032 951 1125 976 cum
1165 939 1347 975 Scholiis.
1402 938 1450 974 In
1470 938 1617 975 Pinda-

172 1003 215 1041 r'o
232 1005 391 1052 quidem
411 1004 688 1054 Olympiorum
723 1004 851 1053 prima
883 1003 932 1039 ab
954 1002 1031 1039 alia
1060 1012 1184 1038 manu
1206 1001 1246 1036 in
1272 1000 1407 1036 charta
1436 1000 1619 1048 suppleta

170 1071 242 1110 est,
263 1066 383 1103 etiam
403 1067 445 1102 in
465 1065 697 1116 Pythiorum
718 1066 861 1102 ultima
876 1063 1024 1114 viginti
1045 1062 1251 1099 novissimi
1271 1073 1423 1099 versus,
1481 1061 1616 1098 Saecu·

171 1128 213 1165 lo
232 1140 326 1165 xm.
353 1128 418 1165 vel
446 1140 527 1165 xiv.
557 1134 597 1166 et
615 1128 679 1164 hic
698 1128 797 1164 liber
829 1126 997 1175 scriptus
1035 1136 1119 1162 6556
1153 1124 1321 1160 videtur.
1382 1123 1617 1173 interpunc-

172 1190 283 1226 tione
303 1202 388 1227 raro
418 1191 621 1227 sententiae
642 1189 973 1239 distinguuntur3
1002 1187 1222 1223 litterarum
1256 1186 1490 1234 compendia
1521 1188 1619 1224 satis

177 1251 414 1301 frequentia,
436 1252 564 1288 multo
584 1252 714 1302 magis
734 1252 773 1287 in
806 1250 979 1287 scholiis.
1034 1248 1246 1285 Variorum
1281 1248 1487 1284 doctorum
1510 1248 1617 1284 viro-

174 1326 262 1351 rum
287 1315 473 1352 manibus
488 1315 588 1352 liber
607 1320 783 1352 versatus
817 1319 876 1351 est
894 1330 904 1360 5
936 1313 1026 1350 hinc
1046 1317 1086 1349 et
1104 1312 1247 1362 glossae
1268 1312 1413 1360 passim
1447 1312 1550 1348 inter
1566 1312 1617 1348 li-

175 1388 266 1412 neas
283 1376 489 1425 adspersae,
510 1381 550 1413 et
581 1377 620 1414 in
640 1377 818 1426 margine
838 1375 1038 1413 nonnulla
1054 1374 1262 1422 adscripta,
1285 1385 1372 1421 quae
1394 1373 1473 1410 fere
1490 1386 1539 1410 ex
1559 1385 1620 1411 re-

174 1438 416 1474 centioribus
447 1437 606 1475 scholiis
626 1443 807 1487 excerpta
826 1436 1078 1486 deprehendi.
1135 1436 1344 1483 Quotquot
1372 1435 1532 1484 quidem
1552 1435 1621 1472 ad-

175 1499 253 1536 huc
271 1499 358 1536 loca
391 1501 630 1549 comparavi,
666 1500 851 1548 pleraque
883 1499 963 1535 vidi
985 1498 1211 1547 conspirare
1243 1509 1334 1534 cum
1354 1497 1412 1535 ed.
1443 1497 1617 1544 Aldina3

178 1561 322 1598 codicis
340 1566 472 1597 autem
490 1561 661 1598 Palatini
681 1562 724 1598 C.
741 1562 973 1598 varietatem
993 1560 1075 1596 fere
1106 1559 1252 1607 ubique
1282 1559 1543 1607 deprehendi3
1574 1564 1621 1596 ut

177 1627 216 1659 et
232 1623 274 1658 in
295 1634 381 1658 eam
402 1623 663 1670 suspicionem
685 1622 905 1665 inciderim,
930 1622 1033 1658 sitne
1052 1626 1186 1657 noster
1204 1621 1268 1656 hic
1304 1619 1428 1656 codex
1448 1620 1517 1656 ille
1536 1621 1620 1668 ipse

178 1682 405 1720 Palatinus?
463 1684 610 1722 Verum
629 1685 771 1721 retinet
791 1696 854 1721 me
872 1695 954 1720 non
976 1688 1057 1720 tam
1079 1682 1317 1725 SchmidiuS,
1338 1682 1405 1729 qui
1427 1693 1509 1718 esse
1526 1694 1620 1719 eum

179 1745 424 1781 chartaceum
461 1745 592 1789 tradit,
629 1758 747 1794 quam
782 1745 980 1794 Sylburgii
1014 1744 1187 1781 narratio
1221 1744 1260 1780 in
1293 1744 1487 1793 Catalogo
1520 1743 1622 1781 Mss.

177 1806 300 1843 Graec.
333 1807 429 1843 bibl.
453 1807 577 1845 Palat.
597 1808 662 1845 40.
706 1807 892 1844 Pervenit
912 1807 978 1843 ille
1010 1807 1058 1843 ad
1087 1818 1160 1843 nos
1194 1817 1284 1842 cum
1320 1806 1407 1842 aliis
1432 1818 1480 1844 ex
1498 1806 1621 1855 copiis

178 1867 346 1905 librariis
362 1868 426 1905 Jo.
448 1868 626 1912 Nadleri,
656 1868 762 1906 Duci
794 1868 970 1917 Principi
1004 1869 1146 1905 Saxon.
1166 1868 1339 1918 Coburg.
1366 1867 1580 1918 Meinung.
1601 1881 1624 1905 a

179 1933 366 1969 Consiliis
382 1932 524 1970 Secret.
544 1938 584 1969 et
604 1933 773 1970 Senatus
795 1944 866 1970 rer.
899 1932 1034 1969 eccles.
1057 1931 1239 1968 Praesidis
1256 1947 1267 1977 3
1301 1944 1324 1968 a
1343 1944 1422 1981 quo
1441 1944 1490 1968 ex
1506 1931 1625 1968 Italia

177 2006 268 2031 eum
288 1992 539 2043 apportatum
569 2006 664 2039 esse,
695 1995 886 2032 traditum
921 1995 1162 2043 accepimus.
1222 1994 1374 2031 Firmat
1403 1993 1561 2042 quidem
1583 1997 1623 2030 et

181 2055 243 2092 hic
273 2055 407 2093 Codex
426 2057 479 2100 iil,
498 2056 601 2105 quod
619 2057 662 2094 in
698 2057 930 2105 praefatione
961 2057 1088 2105 posui,
1110 2069 1159 2094 ex
1195 2056 1349 2106 scriptis
1385 2057 1510 2100 libris,
1531 2068 1625 2093 cum

179 2129 317 2154 omnes
334 2123 415 2154 tam
436 2124 610 2155 recentes
645 2119 740 2162 sint,
773 2118 959 2161 Pindaro,
994 2118 1273 2167 antiquissimo
1309 2124 1449 2167 poetae,
1482 2130 1624 2167 parum

179 2179 314 2215 auxilii
335 2180 457 2216 videri
473 2192 556 2217 esse
576 2181 889 2230 expectandum:
923 2180 1056 2229 paullo
1077 2180 1164 2229 plus
1186 2193 1234 2217 ex
1254 2181 1388 2218 critica
1404 2181 1624 2226 subtiliore,

167 2240 418 2277 -accuratiore
438 2243 632 2290 sermonis
655 2243 767 2291 lyrici
796 2248 835 2279 et
863 2242 1036 2285 dialecti,
1066 2254 1143 2290 qua
1171 2254 1265 2278 usus
1283 2248 1356 2286 est,
1374 2244 1623 2288 tractatione,

180 2306 218 2338 et
234 2301 611 2352 glossographorum
630 2316 673 2341 ac
689 2305 1040 2355 grammaticorum
1061 2305 1308 2354 aliorumque
1333 2309 1512 2341 veterum
1529 2305 1624 2341 scri-

180 2367 355 2410 ptorum,
377 2365 443 2412 qui
463 2366 583 2403 verba
601 2378 649 2403 ex
670 2379 716 2402 eo
737 2366 915 2408 laudant,
933 2366 1203 2413 inspectione3
1237 2365 1340 2402 forte
1359 2366 1481 2413 etiam*
1496 2378 1544 2402 ex
1564 2365 1622 2402 di-

178 2423 385 2473 ligentiore
404 2426 457 2462 rei
484 2428 657 2464 metricae
678 2427 821 2465 studio.
876 2427 1032 2464 Curabo
1062 2432 1212 2472 tamen,
1232 2432 1277 2464 ut
1306 2427 1428 2464 codex
1448 2418 1511 2464 hic
1533 2427 1621 2464 dili·

218 2562 236 2580 *
262 2563 315 2594 Est
338 2575 460 2605 quoque
483 2564 592 2596 Codex
619 2566 771 2596 recentior
795 2565 1014 2606 Olympiorum
1040 2576 1109 2596 cnm
1126 2565 1234 2597 schol.
1264 2565 1295 2596 in
1314 2564 1504 2595 bibliotheca
1522 2566 1618 2597 acad.

183 2614 268 2654 Lips.
291 2616 372 2656 quod
398 2627 434 2646 ex
461 2615 596 2649 Loesner.
621 2617 712 2657 praef.
739 2618 779 2647 ad
804 2616 972 2648 Hesiodum
998 2613 1105 2648 didici.
1150 2617 1255 2647 Alium
1285 2615 1449 2647 Cizensem
1469 2617 1557 2647 video
1581 2618 1621 2647 ab

183 2665 361 2696 Hermanno
374 2667 545 2707 inspectum
562 2678 639 2698 esse.
681 2667 784 2698 Alium
799 2668 832 2698 in
849 2667 1039 2699 bibliotheca
1057 2667 1316 2710 Norimbergensi
1334 2672 1473 2699 notatum
1488 2678 1506 2698 a
1522 2668 1558 2699 V.
1583 2667 1621 2698 C.

182 2715 269 2746 Mur-r
284 2716 514 2759 (Bcschreibzmg¹
540 2730 592 2748 von
613 2718 770 2760 Nurnberxg
785 2729 815 2760 p.
834 2717 904 2757 95).

294 2780 387 2805 vor..
409 2781 435 2806 ι.
953 2771 988 2817 f
