1877 3137
812 506 1170 557 OATMHIA.

880 676 1027 707 ΕῙΔΟΣ
1052 674 1108 713 ιβ’-

329 852 1658 924 EPPOTEAEIIMEPA19‚

768 1045 1199 1086 ΔΟΛΙΧΟΔΡΟΜῼ.

750 1381 868 1423 ARG
878 1380 1210 1423 UMENTUM.

274 1506 381 1548 CUM
418 1504 543 1545 victor
582 1504 796 1559 Ergoteles
826 1504 903 1544 hoc
945 1504 1138 1546 Fortunae
1177 1505 1356 1554 deberet,
1409 1504 1515 1557 quod
1557 1504 1703 1559 patria,

273 1563 444 1616 Cnosso,
476 1563 570 1604 exul
601 1563 650 1602 ab
682 1561 904 1603 Himeraeis
938 1567 1125 1615 receptus
1156 1560 1352 1602 secundas
1383 1574 1446 1601 res
1476 1560 1700 1602 habuerat:

270 1621 497 1662 Fortunam
518 1619 698 1673 invocat,
719 1625 766 1660 ut
788 1617 1008 1660 Himeraeis
1029 1618 1202 1674 propitia
1223 1618 1290 1669 sit,
1313 1631 1407 1658 cum
1425 1615 1513 1672 ejus
1530 1619 1579 1658 ab
1597 1624 1703 1658 nutu

269 1677 477 1733 pendeant
497 1677 739 1718 omnia-6.
770 1675 1111 1729 consiliorumque
1133 1688 1345 1717 successus
1367 1681 1616 1729 eventusque
1637 1674 1702 1715 in-

270 1733 371 1775 certi
391 1740 432 1774 et
455 1734 745 1775 obscuri—13.
778 1748 887 1787 saepe
908 1739 1047 1773 contra
1069 1747 1192 1787 quam
1215 1737 1421 1786 speratum
1443 1733 1699 1772 fuerat—18.

270 1791 364 1846 Ipse
394 1792 522 1832 victor
549 1789 659 1832 domi
689 1789 732 1830 in
762 1790 1012 1831 obscuritate
1044 1789 1339 1839 consenuisset,
1371 1788 1450 1829 nisi
1480 1789 1699 1829 Himeram

271 1848 400 1901 patria
434 1850 530 1890 exul
559 1847 819 1903 pervenisset,
850 1846 920 1888 ubi
949 1847 991 1887 in
1025 1846 1230 1887 civitatem
1260 1851 1444 1899 receptus
1474 1844 1701 1886 certamina

273 1904 390 1958 obiit,
417 1912 456 1947 et
476 1907 612 1961 plures
633 1903 820 1946 victorias
842 1910 903 1945 est
923 1910 1215 1957 consequutus.

821 2043 871 2084 Σ.
902 2041 941 2083 ἆ.
1001 2046 1054 2083 Κ.
1085 2041 1135 2083 θ’.

491 2151 866 2218 ΛΙΣΣΟΜΑῙ,
892 2164 980 2210 παῖ
1003 2157 1132 2218 Ζηνὸς
1156 2158 1450 2229 Έλευθεξίου

487 2239 647 2310 Ἱμὲξᾳ
678 2240 915 2310 &Qvo-3211?
946 2242 1037 2310 οἷμ-

566 2324 613 2388 φῖ
641 2322 779 2383 πόλει,
808 2326 1007 2395 {affe-eiga
1034 2324 1196 2394 Τύχα.

312 2467 481 2510 Ἐργοτέλη
503 2466 634 2509 Ἱμεραῖῳ
658 2465 866 2509 δολιχοδςόμῳ.
889 2467 976 2498 addit
993 2469 1108 2498 Aldina
1122 2480 1129 2497 ε
1153 2466 1310 2506 Ὀλύμπια
1320 2466 1372 2497 καὶ
1387 2465 1491 2497 Πύθια.
1505 2464 1701 2506 xoel'IoSpuoe

274 2519 418 2552 νικήσαντι
433 2516 473 2558 οζ
487 2516 688 2557 Ὀλυμπιάδα.
732 2518 849 2547 Eadem
868 2517 898 2546 in
916 2518 1037 2549 duobus
1054 2519 1145 2549 Bodl.
1163 2519 1193 2548 in
1211 2519 1273 2548 alio
1289 2518 1429 2548 additum
1445 2532 1451 2549 2
1474 2518 1642 2560 Ἐργοτέλη
1659 2520 1703 2558 τῷ

273 2573 320 2613 υἱῷ
336 2573 387 2604 τοῦ
402 2572 569 2614 Φιλάνορος.
613 2572 740 2602 Scilicet
756 2571 909 2602 debentur
924 2573 1003 2612 haec,
1021 2578 1052 2601 ut
1069 2571 1237 2611 aliquoties
1249 2571 1315 2610 jam
1332 2571 1495 2609 monitum,
1512 2570 1700 2601 Grammati-

272 2625 332 2656 cis.
379 2623 509 2654 Indocte
522 2628 626 2653 autem
643 2623 705 2653 hue
721 2628 855 2654 retracta
869 2629 952 2662 sunt,
971 2633 1038 2662 quae
1053 2622 1091 2652 de
1107 2622 1245 2652 victoriis
1264 2622 1404 2664 Pythicis
1419 2628 1450 2652 et
1465 2621 1624 2652 Isthmicis
1640 2623 1700 2652 sub

274 2674 364 2704 finem
381 2674 527 2705 carminis
543 2681 763 2705 memorantur.
806 2673 940 2703 Carmen
954 2674 1035 2704 enim
1053 2673 1202 2714 scripturn
1222 2678 1270 2702 est
1288 2673 1396 2703 victori
1413 2672 1595 2712 Olympico.
1636 2668 1699 2702 No-

274 2732 323 2756 tus
336 2732 438 2756 autem
453 2731 499 2756 est
512 2725 678 2766 Ergoteles
694 2726 785 2755 etiam
805 2735 839 2755 ex
853 2725 1019 2759 Pausania,
1034 2724 1086 2763 qni
1103 2735 1170 2755 cum
1189 2725 1219 2755 li.
1236 2724 1256 2755 l.
1275 2724 1483 2755 conferendus
1502 2724 1555 2754 lib.
1577 2724 1616 2755 vi.
1629 2726 1660 2754 4.
1670 2723 1697 2754 f.
