1877 3137
780 222 1188 266 PRAEFATIO.
1582 231 1657 273 xix

214 346 488 404 Bodleiani,
520 346 856 411 suppeditant:
915 349 1093 394 sensim
1122 350 1417 413 sensimque,
1442 358 1492 398 et
1531 356 1656 401 mul-

209 429 259 469 to
282 424 437 485 magis
461 424 521 469 ab
553 423 749 485 Olymp.
774 421 888 468 inde
919 437 967 467 x.
988 423 1069 469 43.
1096 423 1315 470 omittere
1343 427 1469 487 coepi
1493 427 1670 476 lectio—'

211 511 297 542 nes
315 497 461 543 nimis
476 497 603 543 leves
619 502 666 542 et
683 511 838 542 meras
855 497 1181 543 aberrationes
1206 497 1459 546 dialective
1479 501 1654 550 immu-

209 568 442 625 tationes3
478 570 568 617 nisi
593 570 687 616 alia
710 574 831 615 esset
865 570 987 616 ratio
1012 571 1194 627 critica,
1222 587 1336 634 quae
1358 574 1580 622 suaderet
1602 583 1657 624 ut

207 659 522 706 apponerem.
590 644 715 690 Nam
742 643 794 689 in
822 642 1022 690 Nemeis
1045 651 1092 690 et
1116 646 1167 691 in
1191 645 1421 703 Isthmiis,
1446 649 1507 695 ad
1544 666 1655 712 quae

209 718 371 764 nullus
391 735 480 765 nec
502 717 742 765 Schmidii
768 733 857 764 nec
900 717 1264 766 Oxoniensium
1287 721 1443 768 codex
1467 738 1657 786 proces-

206 792 284 847 sit,
309 798 454 855 atque
483 793 628 839 etiam
664 793 715 838 in
754 791 956 854 Pythiis,
983 809 1097 855 quae
1138 794 1236 841 duo
1283 802 1472 843 tantum
1509 799 1654 847 codd.

209 866 330 912 alter
351 867 648 914 Bodleianus
665 886 712 927 γ.
740 867 860 912 alter
895 866 1143 914 Palatinus
1167 868 1226 917 C.
1251 871 1654 933 complectuntur,

214 938 411 986 Aldinae
443 948 490 986 et
530 940 768 991 Romanae
802 942 1143 1003 comparandae
1180 944 1336 991 multo
1377 945 1657 1008 diligentio-

201 1028 308 1059 rem
332 1013 508 1060 addixi
534 1030 748 1077 operam.
818 1014 1041 1062 Subinde
1082 1017 1227 1064 etiam
1268 1019 1449 1066 laboris
1486 1037 1574 1084 per
1604 1038 1656 1070 se

211 1094 309 1133 tam
328 1103 501 1151 parum
530 1089 741 1149 jucundi
787 1089 990 1137 taedium
1021 1107 1079 1137 eo
1103 1092 1272 1149 levavi,
1320 1101 1386 1150 ut,
1427 1095 1572 1143 lectio
1613 1099 1655 1145 si

211 1177 310 1223 qua
327 1164 495 1226 paullo
519 1164 1187 1222 memorabilioroccurreret,
1211 1166 1273 1212 ad
1291 1183 1398 1214 eam
1418 1169 1658 1218 illustran-

210 1238 324 1286 dam
346 1241 672 1294 subsisterem,
692 1247 739 1287 et
772 1241 917 1287 breve
935 1240 1199 1302 judicium,
1239 1243 1386 1290 etiam
1409 1244 1470 1291 de
1495 1261 1658 1294 emen-

209 1313 487 1361 dationibus
533 1314 861 1362 Scbmidianis
918 1322 967 1362 et
1003 1314 1290 1373 Pauwianis,
1337 1319 1658 1380 subjicerem;

211 1389 369 1435 multo
387 1405 501 1437 vero
520 1390 678 1451 magis
692 1396 812 1445 tum,
833 1405 945 1436 cum
965 1389 1299 1438 distinctiones
1311 1394 1660 1442 sententiarum

212 1470 524 1522 mutaveram,
566 1465 658 1512 hoc
701 1466 825 1512 mihi
871 1467 1037 1523 sumsi,
1088 1473 1143 1514 ut
1182 1468 1244 1515 ad
1286 1471 1659 1519 enuntationum

213 1541 515 1600 poeticarum
563 1556 746 1586 nexum
792 1556 963 1603 pauca,
1015 1547 1062 1587 et
1101 1542 1326 1599 breviter,
1370 1544 1653 1605 adjicerem.

217 1612 378 1673 Atque
402 1612 491 1659 hac
512 1613 712 1675 quidem
738 1620 871 1676 parte
888 1630 1051 1676 operae
1068 1630 1193 1662 meae
1217 1632 1296 1663 me
1316 1624 1434 1680 puto
1452 1620 1658 1680 gratiam

215 1685 430 1748 aliquam
453 1687 582 1750 apud
600 1680 800 1734 lectores
834 1687 1033 1735 Pindari
1064 1690 1244 1747 iniisse,
1280 1692 1413 1754 quod
1437 1694 1660 1742 innume-

214 1758 278 1804 ris
320 1759 370 1805 in
408 1760 525 1807 locis
565 1775 735 1823 pravas
777 1761 1129 1816 distinctiones,
1176 1765 1359 1827 quibus
1401 1770 1659 1817 sententiae

213 1840 368 1894 poetae
386 1835 559 1882 misere
585 1842 720 1881 erant
743 1836 956 1882 distortae
975 1836 1252 1901 fractaeque,
1276 1839 1570 1905 plerumque
1594 1850 1660 1891 ta-

212 1907 323 1963 cite,
365 1909 555 1955 sustuli.
621 1909 679 1955 In
702 1917 800 1956 tam
824 1912 1030 1958 concisis
1052 1918 1113 1968 et,
1139 1915 1472 1977 propositione
1493 1933 1591 1964 una
1613 1925 1662 1966 et

210 1981 362 2028 altera
380 1983 541 2030 media
560 1985 750 2038 omissa,
766 1986 985 2047 abruptis
1009 1986 1354 2052 hiantibusque
1371 1993 1661 2041 enuntiatio-

214 2056 372 2112 nibus,
389 2073 595 2119 quarum
614 2074 795 2105 nexum
816 2075 912 2105 non
933 2062 1220 2124 assequariS,
1242 2064 1334 2110 nisi
1351 2071 1508 2127 poetae
1526 2083 1661 2130 mag-

214 2145 301 2176 nos
323 2131 625 2195 audacesque
653 2134 805 2180 animi
830 2141 990 2182 motus
1007 2137 1172 2183 animo
1193 2144 1241 2184 et
1264 2139 1368 2201 ipse
1391 2142 1655 2201 revolvere,

212 2204 366 2251 divini
385 2205 574 2253 afflatus
596 2216 830 2270 tanquam
853 2224 1020 2257 auram
1056 2211 1357 2259 alludentem
1383 2216 1656 2279 concipere,

216 2279 464 2343 lyricoque
480 2281 665 2344 impetu
712 2284 866 2330 calere
899 2286 1067 2347 possis,
1107 2286 1490 2349 interpungendi
1536 2293 1657 2339 ratio

210 2369 340 2416 saepe
359 2360 430 2400 est
453 2354 600 2417 longe
618 2355 925 2405 difficillima.
999 2360 1272 2423 Supersunt
1291 2368 1339 2408 et
1354 2362 1476 2410 mihi
1496 2364 1659 2413 adhuc

214 2445 310 2475 non
331 2446 498 2492 pauca,
519 2432 567 2477 in
590 2433 769 2494 quibus
786 2434 847 2480 ad
861 2429 1019 2497 poetae
1057 2437 1292 2483 sublimes
1314 2453 1481 2485 sensus
1502 2456 1659 2487 assur-

212 2519 326 2563 gere
350 2520 555 2567 nequeo,
581 2512 634 2552 ut
655 2508 817 2555 statim
865 2508 1066 2572 Olymp.
1093 2511 1144 2557 ii.
1168 2508 1251 2558 96.
1289 2527 1396 2575 sqq.
1468 2513 1661 2563 Schmi-

212 2577 366 2634 dium,
392 2579 564 2625 etiam
554 2596 604 2626 111
630 2581 1009 2645 interpunoendi
1035 2585 1237 2642 ratione,
1263 2593 1535 2649 sequuntur
1556 2589 1659 2638 Ox-

212 2653 450 2708 onienseS,
478 2653 569 2700 nisi
609 2656 741 2717 quod
778 2658 936 2704 multo
977 2660 1120 2706 etiam
1160 2661 1301 2722 1111110
1325 2660 1414 2708 hac
1455 2663 1657 2726 quidem

214 2732 346 2784 parte
365 2727 463 2773 ab
452 2727 510 2774 lis
533 2727 791 2791 depravata
830 2740 969 2788 sunt3
1011 2734 1291 2781 Schmidius
1328 2742 1488 2784 autem
1530 2740 1656 2787 male

216 2797 517 2860 Stephanum
559 2802 784 2861 deseruit,
821 2808 905 2869 qui
935 2809 1089 2854 multa
1137 2810 1313 2857 melius
1352 2811 1652 2871 distinxerat,

210 2887 356 2931 pravo
377 2890 492 2920 vero
512 2874 776 2925 rhetorices
803 2880 982 2937 studiO,
999 2898 1095 2945 quo
1104 2885 1278 2931 morbo
1302 2887 1384 2933 illa
1402 2888 1656 2935 1610510110-
