<?xml version="1.0" encoding="UTF-8"?>
<!DOCTYPE html PUBLIC "-//W3C//DTD XHTML 1.0 Transitional//EN"
    "http://www.w3.org/TR/xhtml1/DTD/xhtml1-transitional.dtd">
<html xmlns="http://www.w3.org/1999/xhtml" xml:lang="en" lang="en">
 <head>
  <title>
</title>
<meta http-equiv="Content-Type" content="text/html;charset=utf-8" />
  <meta name='ocr-system' content='tesseract 3.04.00' />
  <meta name='ocr-capabilities' content='ocr_page ocr_carea ocr_par ocr_line ocrx_word'/>
</head>
<body>
  <div class='ocr_page' id='page_1' title='image "./carminacumlectio01pinduoft_0491.png"; bbox 0 0 1877 3137; ppageno 0'>
   <div class='ocr_carea' id='block_1_1' title="bbox 694 506 1046 556">
    <p class='ocr_par' dir='ltr' id='par_1_1' title="bbox 694 506 1046 556">
     <span class='ocr_line' id='line_1_1' title="bbox 694 506 1046 556; baseline -0.006 0"><span class='ocrx_word' id='word_1_1' title='bbox 694 506 1046 556; x_wconf 89' lang='lat' dir='ltr'><strong>NEMEA.</strong></span> 
     </span>
    </p>
   </div>
   <div class='ocr_carea' id='block_1_2' title="bbox 371 690 1442 928">
    <p class='ocr_par' dir='ltr' id='par_1_2' title="bbox 371 690 1442 928">
     <span class='ocr_line' id='line_1_2' title="bbox 766 690 998 726; baseline -0.009 -1"><span class='ocrx_word' id='word_1_2' title='bbox 766 690 998 726; x_wconf 41' lang='lat' dir='ltr'><strong>mms&#39;.</strong></span> 
     </span>
     <span class='ocr_line' id='line_1_3' title="bbox 371 849 1442 928; baseline -0.003 -14"><span class='ocrx_word' id='word_1_3' title='bbox 371 851 851 914; x_wconf 70' lang='grc' dir='ltr'>ΧΡΟΜΙῼ</span> <span class='ocrx_word' id='word_1_4' title='bbox 909 849 1442 928; x_wconf 73' lang='grc' dir='ltr'><strong>ΑΙΤΝΑΙῼ,</strong></span> 
     </span>
    </p>
   </div>
   <div class='ocr_carea' id='block_1_3' title="bbox 774 1073 1050 1112">
    <p class='ocr_par' dir='ltr' id='par_1_3' title="bbox 774 1073 1050 1112">
     <span class='ocr_line' id='line_1_4' title="bbox 774 1073 1050 1112; baseline -0.011 -1"><span class='ocrx_word' id='word_1_5' title='bbox 774 1073 1050 1112; x_wconf 82' lang='grc' dir='ltr'><strong>ΑΡΜΑΤΙ.</strong></span> 
     </span>
    </p>
   </div>
   <div class='ocr_carea' id='block_1_4' title="bbox 702 1419 1116 1458">
    <p class='ocr_par' dir='ltr' id='par_1_4' title="bbox 702 1419 1116 1458">
     <span class='ocr_line' id='line_1_5' title="bbox 702 1419 1116 1458; baseline -0.002 0"><span class='ocrx_word' id='word_1_6' title='bbox 702 1419 1116 1458; x_wconf 85' lang='lat' dir='ltr'>ARGUMENTUM.</span> 
     </span>
    </p>
   </div>
   <div class='ocr_carea' id='block_1_5' title="bbox 193 1537 1633 1824">
    <p class='ocr_par' dir='ltr' id='par_1_5' title="bbox 193 1537 1633 1824">
     <span class='ocr_line' id='line_1_6' title="bbox 193 1537 1630 1594; baseline 0 -12"><span class='ocrx_word' id='word_1_7' title='bbox 193 1542 450 1582; x_wconf 75' lang='lat' dir='ltr'>CnnoMmM</span> <span class='ocrx_word' id='word_1_8' title='bbox 478 1539 731 1594; x_wconf 85' lang='lat' dir='ltr'>[Agesidami</span> <span class='ocrx_word' id='word_1_9' title='bbox 761 1541 791 1580; x_wconf 87' lang='lat' dir='ltr'>f.</span> <span class='ocrx_word' id='word_1_10' title='bbox 820 1553 859 1581; x_wconf 74' lang='grc' dir='ltr'>ν.</span> <span class='ocrx_word' id='word_1_11' title='bbox 884 1539 1008 1581; x_wconf 85' lang='lat' dir='ltr'>Nem.</span> <span class='ocrx_word' id='word_1_12' title='bbox 1037 1538 1066 1579; x_wconf 88' lang='lat' dir='ltr'>i.</span> <span class='ocrx_word' id='word_1_13' title='bbox 1092 1539 1157 1578; x_wconf 68' lang='lat' dir='ltr'>Ea·</span> <span class='ocrx_word' id='word_1_14' title='bbox 1177 1537 1367 1594; x_wconf 53' lang='lat' dir='ltr'>Schedia]</span> <span class='ocrx_word' id='word_1_15' title='bbox 1393 1540 1630 1592; x_wconf 78' lang='lat' dir='ltr'>pronuntiat</span> 
     </span>
     <span class='ocr_line' id='line_1_7' title="bbox 199 1595 1633 1652; baseline 0 -14"><span class='ocrx_word' id='word_1_16' title='bbox 199 1600 392 1640; x_wconf 79' lang='lat' dir='ltr'>victorem</span> <span class='ocrx_word' id='word_1_17' title='bbox 416 1597 456 1637; x_wconf 92' lang='lat' dir='ltr'>in</span> <span class='ocrx_word' id='word_1_18' title='bbox 483 1597 639 1652; x_wconf 82' lang='lat' dir='ltr'>Pythiis</span> <span class='ocrx_word' id='word_1_19' title='bbox 653 1597 1006 1652; x_wconf 86' lang='lat' dir='ltr'>Sicyoniorum‚et</span> <span class='ocrx_word' id='word_1_20' title='bbox 1028 1595 1125 1637; x_wconf 78' lang='lat' dir='ltr'>hinc</span> <span class='ocrx_word' id='word_1_21' title='bbox 1143 1596 1313 1651; x_wconf 88' lang='lat' dir='ltr'>dignum</span> <span class='ocrx_word' id='word_1_22' title='bbox 1336 1597 1515 1638; x_wconf 82' lang='lat' dir='ltr'>carmine</span> <span class='ocrx_word' id='word_1_23' title='bbox 1543 1602 1558 1638; x_wconf 85' lang='lat'><em>1</em></span> <span class='ocrx_word' id='word_1_24' title='bbox 1579 1609 1633 1629; x_wconf 62' lang='grc' dir='ltr'>-ὲ-</span> 
     </span>
     <span class='ocr_line' id='line_1_8' title="bbox 202 1653 1631 1708; baseline -0.001 -11"><span class='ocrx_word' id='word_1_25' title='bbox 202 1658 265 1704; x_wconf 88' lang='grc'>17.</span> <span class='ocrx_word' id='word_1_26' title='bbox 288 1655 465 1696; x_wconf 82' lang='lat' dir='ltr'>deflectit</span> <span class='ocrx_word' id='word_1_27' title='bbox 486 1656 533 1696; x_wconf 88' lang='lat' dir='ltr'>ad</span> <span class='ocrx_word' id='word_1_28' title='bbox 557 1655 792 1706; x_wconf 85' lang='lat' dir='ltr'>Adrastum,</span> <span class='ocrx_word' id='word_1_29' title='bbox 815 1655 882 1708; x_wconf 92' lang='lat' dir='ltr'>qui</span> <span class='ocrx_word' id='word_1_30' title='bbox 906 1669 952 1695; x_wconf 83' lang='lat' dir='ltr'>ea</span> <span class='ocrx_word' id='word_1_31' title='bbox 969 1653 1214 1696; x_wconf 83' lang='lat' dir='ltr'><strong>instituerat.</strong></span> <span class='ocrx_word' id='word_1_32' title='bbox 1229 1680 1282 1684; x_wconf 83' lang='lat'>——</span> <span class='ocrx_word' id='word_1_33' title='bbox 1300 1659 1368 1695; x_wconf 84' lang='lat'>61.</span> <span class='ocrx_word' id='word_1_34' title='bbox 1400 1653 1519 1694; x_wconf 79' lang='lat' dir='ltr'>Bona</span> <span class='ocrx_word' id='word_1_35' title='bbox 1540 1660 1631 1695; x_wconf 86' lang='lat' dir='ltr'>vota</span> 
     </span>
     <span class='ocr_line' id='line_1_9' title="bbox 193 1710 1633 1769; baseline -0.001 -15"><span class='ocrx_word' id='word_1_36' title='bbox 193 1727 266 1769; x_wconf 88' lang='lat' dir='ltr'>pro</span> <span class='ocrx_word' id='word_1_37' title='bbox 288 1713 478 1753; x_wconf 82' lang='lat' dir='ltr'>AEtnaeis.</span> <span class='ocrx_word' id='word_1_38' title='bbox 495 1738 553 1742; x_wconf 91' lang='lat'>-—</span> <span class='ocrx_word' id='word_1_39' title='bbox 567 1714 636 1760; x_wconf 83' lang='lat'>79.</span> <span class='ocrx_word' id='word_1_40' title='bbox 667 1713 778 1753; x_wconf 82' lang='lat' dir='ltr'><strong>Inter</strong></span> <span class='ocrx_word' id='word_1_41' title='bbox 809 1713 930 1753; x_wconf 89' lang='lat' dir='ltr'>fortes</span> <span class='ocrx_word' id='word_1_42' title='bbox 948 1726 1086 1752; x_wconf 89' lang='lat' dir='ltr'>eorum</span> <span class='ocrx_word' id='word_1_43' title='bbox 1110 1711 1214 1752; x_wconf 89' lang='lat' dir='ltr'>viros</span> <span class='ocrx_word' id='word_1_44' title='bbox 1245 1719 1307 1753; x_wconf 87' lang='lat' dir='ltr'>est</span> <span class='ocrx_word' id='word_1_45' title='bbox 1328 1710 1633 1754; x_wconf 88' lang='lat' dir='ltr'>Chromius.—</span> 
     </span>
     <span class='ocr_line' id='line_1_10' title="bbox 201 1769 1429 1824; baseline -0.002 -13"><span class='ocrx_word' id='word_1_46' title='bbox 201 1774 295 1812; x_wconf 84' lang='lat'><strong>103.</strong></span> <span class='ocrx_word' id='word_1_47' title='bbox 325 1770 428 1811; x_wconf 89' lang='lat' dir='ltr'>Inde</span> <span class='ocrx_word' id='word_1_48' title='bbox 447 1769 553 1810; x_wconf 88' lang='lat' dir='ltr'>redit</span> <span class='ocrx_word' id='word_1_49' title='bbox 574 1769 625 1812; x_wconf 89' lang='lat' dir='ltr'>ad</span> <span class='ocrx_word' id='word_1_50' title='bbox 645 1770 876 1822; x_wconf 83' lang='lat' dir='ltr'>victoriam,</span> <span class='ocrx_word' id='word_1_51' title='bbox 897 1783 1070 1824; x_wconf 86' lang='lat' dir='ltr'>eamque</span> <span class='ocrx_word' id='word_1_52' title='bbox 1089 1769 1279 1811; x_wconf 83' lang='lat' dir='ltr'>laudibus</span> <span class='ocrx_word' id='word_1_53' title='bbox 1299 1773 1429 1810; x_wconf 87' lang='lat' dir='ltr'>ornat.</span> 
     </span>
    </p>
   </div>
   <div class='ocr_carea' id='block_1_6' title="bbox 773 1928 1038 1978">
    <p class='ocr_par' dir='ltr' id='par_1_6' title="bbox 773 1928 1038 1978">
     <span class='ocr_line' id='line_1_11' title="bbox 773 1928 1038 1978; baseline 0 -7"><span class='ocrx_word' id='word_1_54' title='bbox 773 1931 969 1978; x_wconf 80' lang='grc' dir='ltr'>Δυωὸεκοὶς</span> <span class='ocrx_word' id='word_1_55' title='bbox 997 1928 1038 1972; x_wconf 77' lang='grc' dir='ltr'>ά.</span> 
     </span>
    </p>
   </div>
   <div class='ocr_carea' id='block_1_7' title="bbox 421 2050 1278 2128">
    <p class='ocr_par' dir='ltr' id='par_1_7' title="bbox 421 2050 1278 2128">
     <span class='ocr_line' id='line_1_12' title="bbox 421 2050 1278 2128; baseline -0.004 -17"><span class='ocrx_word' id='word_1_56' title='bbox 421 2050 477 2110; x_wconf 87' lang='grc' dir='ltr'>Κ</span> <span class='ocrx_word' id='word_1_57' title='bbox 490 2057 889 2116; x_wconf 64' lang='grc' dir='ltr'><strong>ΩΜΑΣΟΜΕΝ</strong></span> <span class='ocrx_word' id='word_1_58' title='bbox 910 2057 1012 2128; x_wconf 47' lang='grc' dir='ltr'>παρ’</span> <span class='ocrx_word' id='word_1_59' title='bbox 1037 2054 1278 2108; x_wconf 64' lang='grc' dir='ltr'><strong>Ἀπόλλω.</strong></span> 
     </span>
    </p>
   </div>
   <div class='ocr_carea' id='block_1_8' title="bbox 494 2140 1060 2203">
    <p class='ocr_par' dir='ltr' id='par_1_8' title="bbox 494 2140 1060 2203">
     <span class='ocr_line' id='line_1_13' title="bbox 494 2140 1060 2203; baseline -0.014 -6"><span class='ocrx_word' id='word_1_60' title='bbox 494 2169 556 2203; x_wconf 81' lang='grc' dir='ltr'>νος</span> <span class='ocrx_word' id='word_1_61' title='bbox 584 2140 842 2201; x_wconf 56' lang='grc' dir='ltr'>Σικυώνοθε,</span> <span class='ocrx_word' id='word_1_62' title='bbox 869 2143 1060 2200; x_wconf 78' lang='grc' dir='ltr'><strong><em>Μοῖσαι,</em></strong></span> 
     </span>
    </p>
   </div>
   <div class='ocr_carea' id='block_1_9' title="bbox 195 2259 1635 2614">
    <p class='ocr_par' dir='ltr' id='par_1_9' title="bbox 195 2259 1635 2614">
     <span class='ocr_line' id='line_1_14' title="bbox 239 2259 1635 2304; baseline -0.006 -9"><span class='ocrx_word' id='word_1_63' title='bbox 239 2266 313 2296; x_wconf 83' lang='lat' dir='ltr'>Tria</span> <span class='ocrx_word' id='word_1_64' title='bbox 327 2276 396 2304; x_wconf 83' lang='lat' dir='ltr'>quae</span> <span class='ocrx_word' id='word_1_65' title='bbox 421 2268 601 2304; x_wconf 88' lang='lat' dir='ltr'>sequuntur</span> <span class='ocrx_word' id='word_1_66' title='bbox 618 2260 757 2292; x_wconf 83' lang='lat' dir='ltr'>carmina</span> <span class='ocrx_word' id='word_1_67' title='bbox 773 2269 833 2289; x_wconf 89' lang='lat' dir='ltr'>non</span> <span class='ocrx_word' id='word_1_68' title='bbox 851 2260 890 2289; x_wconf 81' lang='lat' dir='ltr'>ad</span> <span class='ocrx_word' id='word_1_69' title='bbox 909 2259 1116 2290; x_wconf 81' lang='lat' dir='ltr'>Nemeonicas</span> <span class='ocrx_word' id='word_1_70' title='bbox 1131 2259 1249 2300; x_wconf 76' lang='lat' dir='ltr'>scripta</span> <span class='ocrx_word' id='word_1_71' title='bbox 1270 2269 1351 2299; x_wconf 77' lang='lat' dir='ltr'><strong>esse,</strong></span> <span class='ocrx_word' id='word_1_72' title='bbox 1377 2263 1410 2289; x_wconf 86' lang='lat' dir='ltr'>et</span> <span class='ocrx_word' id='word_1_73' title='bbox 1433 2268 1489 2298; x_wconf 79' lang='lat' dir='ltr'>per</span> <span class='ocrx_word' id='word_1_74' title='bbox 1502 2267 1535 2287; x_wconf 81' lang='lat' dir='ltr'>se</span> <span class='ocrx_word' id='word_1_75' title='bbox 1548 2261 1635 2298; x_wconf 78' lang='lat' dir='ltr'>patet</span> 
     </span>
     <span class='ocr_line' id='line_1_15' title="bbox 195 2308 1635 2357; baseline -0.006 -10"><span class='ocrx_word' id='word_1_76' title='bbox 195 2316 389 2357; x_wconf 78' lang='lat' dir='ltr'>inspicienti,</span> <span class='ocrx_word' id='word_1_77' title='bbox 406 2323 435 2345; x_wconf 86' lang='lat' dir='ltr'>et</span> <span class='ocrx_word' id='word_1_78' title='bbox 449 2320 587 2344; x_wconf 75' lang='lat' dir='ltr'>notatum</span> <span class='ocrx_word' id='word_1_79' title='bbox 606 2317 686 2341; x_wconf 81' lang='lat' dir='ltr'>esta</span> <span class='ocrx_word' id='word_1_80' title='bbox 702 2317 804 2340; x_wconf 79' lang='lat' dir='ltr'>vetere</span> <span class='ocrx_word' id='word_1_81' title='bbox 821 2321 946 2350; x_wconf 86' lang='lat' dir='ltr'>quoque</span> <span class='ocrx_word' id='word_1_82' title='bbox 958 2310 1168 2341; x_wconf 79' lang='lat' dir='ltr'>Grammatico</span> <span class='ocrx_word' id='word_1_83' title='bbox 1182 2311 1220 2340; x_wconf 86' lang='lat' dir='ltr'>ad</span> <span class='ocrx_word' id='word_1_84' title='bbox 1235 2322 1280 2350; x_wconf 83' lang='lat' dir='ltr'>pr.</span> <span class='ocrx_word' id='word_1_85' title='bbox 1295 2310 1390 2349; x_wconf 82' lang='lat' dir='ltr'>hujus</span> <span class='ocrx_word' id='word_1_86' title='bbox 1407 2309 1534 2351; x_wconf 78' lang='lat' dir='ltr'>bymui3</span> <span class='ocrx_word' id='word_1_87' title='bbox 1552 2308 1635 2339; x_wconf 85' lang='lat' dir='ltr'>idem</span> 
     </span>
     <span class='ocr_line' id='line_1_16' title="bbox 197 2359 1635 2407; baseline -0.006 -10"><span class='ocrx_word' id='word_1_88' title='bbox 197 2366 330 2406; x_wconf 80' lang='lat' dir='ltr'>adjicit:</span> <span class='ocrx_word' id='word_1_89' title='bbox 347 2365 386 2395; x_wconf 64' lang='grc' dir='ltr'>διὸ</span> <span class='ocrx_word' id='word_1_90' title='bbox 407 2363 618 2407; x_wconf 70' lang='grc' dir='ltr'>κεχωρισμίναιι</span> <span class='ocrx_word' id='word_1_91' title='bbox 631 2361 770 2404; x_wconf 60' lang='grc' dir='ltr'>φέρονται.</span> <span class='ocrx_word' id='word_1_92' title='bbox 816 2361 915 2391; x_wconf 82' lang='lat' dir='ltr'>Erant</span> <span class='ocrx_word' id='word_1_93' title='bbox 930 2372 1005 2402; x_wconf 76' lang='lat' dir='ltr'>ergo</span> <span class='ocrx_word' id='word_1_94' title='bbox 1021 2362 1129 2402; x_wconf 86' lang='lat' dir='ltr'>hymni</span> <span class='ocrx_word' id='word_1_95' title='bbox 1147 2362 1178 2391; x_wconf 88' lang='lat' dir='ltr'>hi</span> <span class='ocrx_word' id='word_1_96' title='bbox 1194 2362 1279 2397; x_wconf 74' lang='lat' dir='ltr'>oiim,</span> <span class='ocrx_word' id='word_1_97' title='bbox 1294 2361 1324 2390; x_wconf 87' lang='lat' dir='ltr'>in</span> <span class='ocrx_word' id='word_1_98' title='bbox 1345 2361 1445 2399; x_wconf 78' lang='lat' dir='ltr'>libris,</span> <span class='ocrx_word' id='word_1_99' title='bbox 1462 2359 1601 2390; x_wconf 78' lang='lat' dir='ltr'>distincti</span> <span class='ocrx_word' id='word_1_100' title='bbox 1616 2370 1635 2389; x_wconf 73' lang='lat' dir='ltr'><strong>a</strong></span> 
     </span>
     <span class='ocr_line' id='line_1_17' title="bbox 196 2410 1633 2456; baseline -0.005 -9"><span class='ocrx_word' id='word_1_101' title='bbox 196 2418 324 2456; x_wconf 79' lang='lat' dir='ltr'>ceteris,</span> <span class='ocrx_word' id='word_1_102' title='bbox 342 2418 417 2446; x_wconf 79' lang='lat' dir='ltr'>etin</span> <span class='ocrx_word' id='word_1_103' title='bbox 436 2417 519 2446; x_wconf 87' lang='lat' dir='ltr'>hunc</span> <span class='ocrx_word' id='word_1_104' title='bbox 543 2416 643 2445; x_wconf 83' lang='lat' dir='ltr'>iocum</span> <span class='ocrx_word' id='word_1_105' title='bbox 669 2418 817 2443; x_wconf 80' lang='lat' dir='ltr'>venerant</span> <span class='ocrx_word' id='word_1_106' title='bbox 845 2412 937 2449; x_wconf 82' lang='lat' dir='ltr'>forte,</span> <span class='ocrx_word' id='word_1_107' title='bbox 952 2414 1036 2453; x_wconf 83' lang='lat' dir='ltr'>quod</span> <span class='ocrx_word' id='word_1_108' title='bbox 1062 2412 1208 2442; x_wconf 82' lang='lat' dir='ltr'>librarius</span> <span class='ocrx_word' id='word_1_109' title='bbox 1229 2412 1346 2450; x_wconf 78' lang='lat' dir='ltr'>aliquis</span> <span class='ocrx_word' id='word_1_110' title='bbox 1369 2421 1424 2441; x_wconf 85' lang='lat' dir='ltr'>suo</span> <span class='ocrx_word' id='word_1_111' title='bbox 1444 2410 1633 2441; x_wconf 84' lang='lat' dir='ltr'>Nemeorum</span> 
     </span>
     <span class='ocr_line' id='line_1_18' title="bbox 198 2460 1635 2507; baseline -0.006 -9"><span class='ocrx_word' id='word_1_112' title='bbox 198 2469 301 2499; x_wconf 81' lang='lat' dir='ltr'>codici</span> <span class='ocrx_word' id='word_1_113' title='bbox 319 2473 450 2498; x_wconf 82' lang='lat' dir='ltr'>vacante</span> <span class='ocrx_word' id='word_1_114' title='bbox 464 2466 565 2507; x_wconf 75' lang='lat' dir='ltr'>spatio</span> <span class='ocrx_word' id='word_1_115' title='bbox 584 2466 614 2496; x_wconf 90' lang='lat' dir='ltr'>in</span> <span class='ocrx_word' id='word_1_116' title='bbox 645 2465 706 2494; x_wconf 83' lang='lat' dir='ltr'>fine</span> <span class='ocrx_word' id='word_1_117' title='bbox 722 2475 774 2494; x_wconf 83' lang='lat' dir='ltr'>eos</span> <span class='ocrx_word' id='word_1_118' title='bbox 800 2469 992 2494; x_wconf 81' lang='lat' dir='ltr'>attexuerat.</span> <span class='ocrx_word' id='word_1_119' title='bbox 1030 2464 1185 2494; x_wconf 79' lang='lat' dir='ltr'>Videntur</span> <span class='ocrx_word' id='word_1_120' title='bbox 1200 2467 1315 2497; x_wconf 80' lang='lat' dir='ltr'>autem,</span> <span class='ocrx_word' id='word_1_121' title='bbox 1331 2471 1399 2492; x_wconf 87' lang='lat' dir='ltr'>mea</span> <span class='ocrx_word' id='word_1_122' title='bbox 1421 2460 1581 2502; x_wconf 83' lang='lat' dir='ltr'>opinione,</span> <span class='ocrx_word' id='word_1_123' title='bbox 1593 2460 1635 2490; x_wconf 77' lang='lat' dir='ltr'>ad</span> 
     </span>
     <span class='ocr_line' id='line_1_19' title="bbox 195 2509 1635 2560; baseline -0.006 -11"><span class='ocrx_word' id='word_1_124' title='bbox 195 2519 333 2559; x_wconf 70' lang='grc' dir='ltr'>ἓγκόμια</span> <span class='ocrx_word' id='word_1_125' title='bbox 355 2519 520 2560; x_wconf 77' lang='lat' dir='ltr'>pertinere,</span> <span class='ocrx_word' id='word_1_126' title='bbox 547 2527 615 2558; x_wconf 83' lang='lat' dir='ltr'>quae</span> <span class='ocrx_word' id='word_1_127' title='bbox 631 2515 790 2546; x_wconf 77' lang='lat' dir='ltr'>Pindarus</span> <span class='ocrx_word' id='word_1_128' title='bbox 815 2515 993 2554; x_wconf 83' lang='lat' dir='ltr'>scripserat.</span> <span class='ocrx_word' id='word_1_129' title='bbox 1039 2514 1205 2544; x_wconf 82' lang='lat' dir='ltr'>Chromius</span> <span class='ocrx_word' id='word_1_130' title='bbox 1231 2512 1326 2550; x_wconf 83' lang='lat' dir='ltr'>idem,</span> <span class='ocrx_word' id='word_1_131' title='bbox 1356 2512 1395 2542; x_wconf 79' lang='lat' dir='ltr'>ad</span> <span class='ocrx_word' id='word_1_132' title='bbox 1419 2521 1510 2551; x_wconf 88' lang='lat' dir='ltr'>quem</span> <span class='ocrx_word' id='word_1_133' title='bbox 1540 2509 1635 2542; x_wconf 83' lang='lat' dir='ltr'><strong>Nem.</strong></span> 
     </span>
     <span class='ocr_line' id='line_1_20' title="bbox 197 2562 1633 2614; baseline -0.008 -11"><span class='ocrx_word' id='word_1_134' title='bbox 197 2573 298 2614; x_wconf 77' lang='lat' dir='ltr'>prima</span> <span class='ocrx_word' id='word_1_135' title='bbox 313 2572 441 2613; x_wconf 82' lang='lat' dir='ltr'>scripta,</span> <span class='ocrx_word' id='word_1_136' title='bbox 468 2571 566 2602; x_wconf 86' lang='lat' dir='ltr'>victor</span> <span class='ocrx_word' id='word_1_137' title='bbox 583 2567 747 2609; x_wconf 82' lang='lat' dir='ltr'>quadrigis</span> <span class='ocrx_word' id='word_1_138' title='bbox 762 2567 793 2597; x_wconf 83' lang='lat' dir='ltr'>in</span> <span class='ocrx_word' id='word_1_139' title='bbox 808 2567 930 2608; x_wconf 82' lang='lat' dir='ltr'>Pythiis</span> <span class='ocrx_word' id='word_1_140' title='bbox 955 2567 1093 2608; x_wconf 83' lang='lat' dir='ltr'>Sicyone</span> <span class='ocrx_word' id='word_1_141' title='bbox 1121 2565 1275 2596; x_wconf 80' lang='lat' dir='ltr'>celebrari</span> <span class='ocrx_word' id='word_1_142' title='bbox 1298 2563 1409 2599; x_wconf 78' lang='lat' dir='ltr'>solitis,</span> <span class='ocrx_word' id='word_1_143' title='bbox 1438 2573 1456 2593; x_wconf 90' lang='lat' dir='ltr'>a</span> <span class='ocrx_word' id='word_1_144' title='bbox 1472 2562 1633 2593; x_wconf 75' lang='lat' dir='ltr'>Clisthene</span> 
     </span>
    </p>
   </div>
   <div class='ocr_carea' id='block_1_10' title="bbox 208 2680 1177 2766">
    <p class='ocr_par' dir='ltr' id='par_1_10' title="bbox 208 2680 1177 2766">
     <span class='ocr_line' id='line_1_21' title="bbox 245 2680 1177 2726; baseline -0.004 -12"><span class='ocrx_word' id='word_1_145' title='bbox 245 2686 319 2716; x_wconf 54' lang='lat' dir='ltr'>LE</span> <span class='ocrx_word' id='word_1_146' title='bbox 347 2686 470 2726; x_wconf 80' lang='lat' dir='ltr'>Pythiis</span> <span class='ocrx_word' id='word_1_147' title='bbox 494 2685 628 2724; x_wconf 82' lang='lat' dir='ltr'>Sicyone</span> <span class='ocrx_word' id='word_1_148' title='bbox 656 2681 773 2713; x_wconf 79' lang='lat' dir='ltr'>habitis</span> <span class='ocrx_word' id='word_1_149' title='bbox 801 2680 898 2721; x_wconf 68' lang='grc' dir='ltr'>κόμος</span> <span class='ocrx_word' id='word_1_150' title='bbox 952 2687 1022 2716; x_wconf 72' lang='lat' dir='ltr'>bem</span> <span class='ocrx_word' id='word_1_151' title='bbox 1038 2680 1177 2711; x_wconf 85' lang='lat' dir='ltr'>AEtnam.</span> 
     </span>
     <span class='ocr_line' id='line_1_22' title="bbox 208 2730 898 2766; baseline -0.01 0"><span class='ocrx_word' id='word_1_152' title='bbox 208 2735 335 2766; x_wconf 77' lang='lat' dir='ltr'>victoris</span> <span class='ocrx_word' id='word_1_153' title='bbox 374 2735 500 2766; x_wconf 80' lang='lat' dir='ltr'>ducitur</span> <span class='ocrx_word' id='word_1_154' title='bbox 531 2734 564 2764; x_wconf 83' lang='lat' dir='ltr'>in</span> <span class='ocrx_word' id='word_1_155' title='bbox 601 2732 740 2764; x_wconf 78' lang='lat' dir='ltr'>Siciliam</span> <span class='ocrx_word' id='word_1_156' title='bbox 768 2730 809 2761; x_wconf 75' lang='lat' dir='ltr'>nd</span> <span class='ocrx_word' id='word_1_157' title='bbox 844 2739 898 2760; x_wconf 87' lang='lat' dir='ltr'>ur-</span> 
     </span>
    </p>
   </div>
  </div>
 </body>
</html>
