1877 3137
663 239 1069 280 PRAEFATIO.
1547 243 1649 294 xxm

264 363 597 426 Interpretatio
621 365 671 411 in
698 363 911 412 Pindaro
936 375 1251 425 nequaquam
1292 364 1459 410 critica
1494 379 1644 428 opera

198 440 396 487 inferior
418 446 489 487 est
503 440 740 496 habenda,
762 440 885 503 quin
899 440 1062 502 potius
1078 439 1294 486 criticam
1312 440 1643 499 subtilitatem,

198 515 589 576 quae‘verborum
634 520 683 561 et
727 515 926 578 apicum
968 514 1170 575 vestigia
1208 513 1426 568 rimatur,
1477 516 1645 563 multis

196 587 356 635 modis
372 589 633 645 antecellit,
660 589 918 651 multoque
946 589 1088 650 plura
1123 587 1343 650 requirit,
1382 603 1494 649 quae
1528 604 1642 636 cum

196 668 418 708 accurata
436 678 534 708 non
556 662 703 709 modo
721 678 992 725 graecarum
1017 661 1287 707 litterarum
1320 660 1539 714 scientia,
1565 677 1644 708 ve-

196 751 307 782 rum
332 736 474 782 etiam
496 753 612 784 cum
632 737 818 800 ingenii
850 737 1016 798 aliqua
1037 736 1102 789 vi,
1129 735 1521 797 phantasmatum
1563 751 1646 782 au-

201 809 353 864 dacia,
380 810 633 874 lyricoque
651 811 812 858 afflatu
834 816 882 858 et
912 825 1235 857 numerorum
1277 808 1646 871 modorumque

195 899 338 930 sensu
363 885 624 945 conjuncta
661 891 788 932 sunt.
859 885 983 936 Quae
1010 883 1212 948 quidem
1230 883 1282 929 in
1307 898 1406 928 uno
1444 882 1646 931 homine

197 974 300 1005 esse
336 959 478 1006 facile
518 961 686 1006 omnia
708 960 792 1006 vix
821 961 1044 1006 arbitror.
1118 959 1230 1010 Quo
1276 957 1434 1017 magis
1472 956 1646 1004 divisis

196 1034 332 1094 quasi
352 1048 556 1096 operum
575 1035 766 1081 vicibus
783 1033 1075 1081 conferenda
1097 1038 1211 1078 sunt
1231 1048 1259 1077 a
1276 1030 1502 1092 singulis,
1530 1047 1642 1093 quae

197 1122 286 1169 pro
308 1108 436 1154 virili
465 1109 678 1171 quisque
701 1114 928 1170 praestare
951 1113 1122 1170 potest.
1194 1105 1364 1168 ltaque
1405 1105 1638 1150 constitui

195 1181 314 1227 olim
349 1183 616 1245 aliquando
639 1184 734 1230 alio
750 1183 1015 1237 volumine,
1035 1182 1072 1227 si
1093 1196 1192 1226 non
1227 1178 1640 1227 commentarium

196 1264 507 1319 perpetuum,
527 1259 749 1305 locorum
782 1263 947 1303 tamen
969 1254 1334 1318 praecipuorum
1364 1253 1642 1299 illustratio-

193 1345 324 1387 nem,
350 1331 782 1394 difficiliorumque
831 1330 1175 1377 enodationem
1217 1327 1478 1389 subjicere,
1517 1332 1563 1372 et
1601 1327 1641 1373 si

195 1421 293 1468 qua
310 1407 418 1462 alia,
445 1407 591 1453 etiam
625 1406 781 1453 critici
805 1406 1014 1467 generiS,
1036 1404 1136 1450 sive
1157 1403 1208 1449 in
1243 1400 1643 1448 enarrationibus

194 1481 407 1542 publicis
427 1482 528 1528 sive
564 1482 614 1528 in
637 1480 859 1526 virorum
898 1479 1157 1526 doctorum
1195 1476 1388 1538 scriptis
1423 1490 1643 1521 occurre-

192 1555 305 1610 rint,
321 1555 515 1602 addere.
589 1554 738 1601 Haud
762 1555 894 1600 enin}
926 1553 1215 1614 ignorabam
1242 1551 1292 1597 in
1311 1549 1638 1597 recentiorum

194 1629 473 1675 criticorum
496 1629 685 1691 scriptis
707 1643 960 1674 occurrere
1001 1626 1252 1680 nonnulla,
1298 1624 1350 1670 in
1395 1622 1642 1668 veteribus

195 1719 307 1751 vero
332 1705 660 1765 grammaticis
675 1704 783 1760 alia,
810 1704 990 1766 quibus
1006 1702 1150 1748 lectio
1175 1706 1222 1747 et
1261 1698 1500 1745 sententia
1526 1695 1642 1743 Pin-

193 1777 353 1824 darica
390 1779 615 1824 illustrari
648 1784 730 1824 aut
769 1776 1048 1824 confirmari
1094 1774 1275 1838 possit3
1312 1773 1364 1820 in
1409 1771 1486 1817 his
1524 1786 1641 1817 vero

191 1853 539 1915 conquirendis
561 1869 692 1900 nunc
716 1852 936 1899 desidere
960 1850 1204 1897 nolebam.
1275 1846 1482 1908 Recepit
1525 1860 1640 1891 vero

192 1943 299 1973 eam
323 1943 517 1990 operam
542 1929 592 1974 in
615 1944 665 1975 se
688 1943 818 1974 unus
847 1934 907 1974 ex
931 1923 1254 1972 familiaribus
1300 1927 1347 1968 et
1391 1918 1640 1966 sodalibus

193 2000 450 2049 Seminarii
477 2001 776 2065 philologici,
817 2001 910 2049 Jo.
942 1997 1113 2047 Gottl.
1159 1994 1447 2044 Schneider
1462 1995 1509 2048 *ζ
1551 1994 1639 2055 qui

187 2090 365 2136 graecae
389 2076 720 2138 exquisitioris
742 2074 950 2136 alicujus
990 2072 1225 2120 doctrinae
1249 2068 1518 2133 specimina
1532 2067 1639 2128 jam

189 2150 386 2212 publice
409 2151 674 2214 proposuit,
722 2150 967 2212 idemque,
1008 2164 1069 2194 ex
1105 2162 1206 2209 quo
1230 2151 1451 2207 tempore
1476 2141 1639 2188 nobis-

189 2240 303 2271 cum
330 2226 465 2281 vixit,
486 2225 740 2287 ingenium
766 2240 909 2271 suum
936 2222 998 2269 ad
1021 2237 1129 2268 eam
1169 2218 1521 2266 humanitatem
1547 2215 1637 2261 fin-

188 2300 261 2346 xit
279 2306 326 2346 et
345 2300 594 2363 expolivit,
617 2316 764 2363 quam
784 2299 861 2345 hae
880 2299 1071 2352 litterae,
1093 2310 1212 2359 quas
1231 2292 1535 2356 profitemur,
1559 2290 1635 2336 vel

188 2376 388 2421 nomine
411 2390 498 2421 suo
515 2391 544 2420 a
561 2375 703 2421 nobis
728 2374 949 2436 exigunt.
1005 2371 1143 2418 Idem
1168 2367 1479 2415 doctissimus
1495 2363 1650 2425 juve-‘

186 2451 261 2497 nis
276 2449 660 2511 fragmentorum
679 2447 878 2496 Pindari
893 2445 1091 2508 collegit
1106 2447 1389 2507 apparatum
1400 2441 1548 2500 longe
1558 2453 1636 2484 co-

185 2525 447 2587 piosiorem
467 2540 540 2580 eo,
558 2539 708 2587 quem
733 2523 929 2586 primus
948 2527 1056 2585 post
1071 2518 1230 2566 Mich.
1259 2514 1548 2563 Neandrum
1573 2511 1635 2558 ad

185 2601 367 2647 calcem
413 2599 720 2660 Aristologia'e
743 2596 1017 2644 Pindaricae
1057 2593 1350 2657 Stephanus,
1381 2595 1429 2635 et
1466 2602 1638 2634 secun-

186 2675 305 2720 dum
343 2690 455 2721 eum
486 2673 770 2720 Schmidius
793 2686 907 2718 cum
950 2667 1319 2717 Oxoniensibus
1351 2662 1633 2724 vulgarunt.

185 2749 363 2796 Indicis
384 2748 583 2795 Pindari
602 2747 664 2794 ad
686 2749 867 2794 certam
879 2745 1115 2792 rationem
1135 2736 1426 2789 conficiendi
1449 2734 1635 2800 partem

227 2901 244 2919 ³¹¹
267 2900 359 2932 Nunc
389 2900 552 2932 Professor
585 2900 765 2933 Academiae
802 2898 1000 2932 Francofurt.
1021 2897 1062 2929 ad
1087 2895 1242 2928 viadxum
1267 2892 1411 2925 doctrina
1443 2889 1632 2932 scriptisque

187 2952 291 2985 celeb.
318 2952 465 2984 nominis.
