1877 3137
834 504 1192 554 ΟΛΥΜΠΙΑ.

891 645 1037 676 ΕΙΔΟΣ
1065 644 1107 679 ς’.

336 769 794 840 ΑΓΗΣΙΑ
854 773 1664 845 ΣΥΡΑΚΟΥΣΙῼ,

870 953 1136 991 ΑΠΗΝΗ.

760 1207 1219 1251 ARGUMENTUM.

278 1347 466 1387 AGEslAs
497 1360 628 1400 genus
659 1344 831 1385 ducebat
860 1346 910 1386 ab
941 1345 1056 1387 Iamo
1087 1348 1296 1402 Apollinis
1328 1346 1412 1387 filio
1443 1359 1496 1385 ex
1525 1343 1712 1396 Evadne,

277 1403 419 1458 AEpyti
433 1403 600 1444 Arcadis
614 1402 713 1452 filia,
726 1409 817 1442 vate
834 1402 1101 1455 nobilissimo,
1115 1419 1138 1445 a
1151 1419 1233 1458 quo
1248 1403 1417 1444 Iamidae
1437 1401 1535 1443 dicti
1551 1417 1563 1452 3
1587 1402 1709 1442 adeo-

278 1475 355 1515 que
376 1466 417 1500 et
437 1461 523 1515 ipse
544 1466 653 1500 vates
675 1465 716 1499 et
737 1459 940 1500 sacrificus
958 1461 1007 1501 ad
1025 1475 1132 1502 aram
1164 1461 1278 1502 Jovis
1309 1459 1517 1514 Olympiae
1542 1461 1582 1510 ²¹¹²,
1606 1463 1657 1509 (v.
1685 1461 1709 1506 7

277 1524 318 1558 et
340 1520 437 1561 118)
460 1522 499 1557 et
522 1516 627 1557 idem
652 1516 712 1556 vir
731 1516 859 1557 fortis.
897 1521 912 1556 l
933 1542 990 1546 —
1006 1520 1072 1567 17.
1116 1518 1241 1559 Poeta
1262 1532 1356 1558 eum
1378 1516 1514 1557 laudat
1545 1516 1710 1557 Adrasti

278 1575 390 1616 dicto
409 1573 459 1614 de
482 1573 732 1628 Amphiarao
749 1576 915 1623 3—-36,
937 1572 1031 1615 inde
1052 1575 1154 1616 redit
1175 1575 1224 1615 ad
1254 1574 1392 1615 laudes
1414 1573 1589 1614 auctoris
1612 1572 1705 1613 stir-

275 1631 351 1687 pis,
374 1630 494 1682 lami,
515 1636 556 1670 et
577 1630 756 1670 fabulam
779 1628 829 1669 de
850 1631 936 1684 ejus
958 1632 1176 1683 natalibus,
1198 1630 1418 1672 nutritione
1441 1635 1482 1669 et
1500 1635 1668 1683 accepta
1685 1643 1709 1669 a

275 1692 443 1743 parente
471 1686 662 1741 Apolline
691 1686 940 1728 vaticinandi
962 1696 1045 1730 arte
1076 1695 1222 1740 narrat,
1246 1695 1286 1730 et
1316 1687 1493 1728 Iamidas
1518 1688 1709 1728 celebrat.

273 1749 434 1785 —128.
451 1743 690 1784 Maternum
713 1757 842 1798 genus
863 1744 991 1787 victor
1010 1747 1183 1788 ducebat
1204 1760 1254 1787 ex
1275 1743 1461 1794 Arcadia,
1484 1750 1709 1798 cognatum

275 1815 370 1841 cum
389 1800 612 1850 Thebanis,
627 1800 762 1854 itaque
783 1800 862 1841 hoc
883 1815 1045 1858 quoque
1061 1802 1214 1845 laudat.
1227 1827 1285 1833 -—
1302 1804 1397 1842 148.
1433 1800 1599 1841 Transit
1616 1799 1711 1840 inde

274 1858 325 1898 ad
344 1857 484 1898 laudes
507 1856 671 1898 victoris
692 1864 733 1897 et
752 1858 860 1898 bona
878 1865 972 1901 vota
992 1860 1065 1914 sic,
1095 1865 1143 1901 ut
1173 1858 1337 1910 AEneae,
1368 1857 1480 1898 chori
1497 1855 1709 1911 magistro,

273 1914 501 1970 praecipiat.

314 2019 332 2037 ’ἕ
350 2020 426 2049 Nam
438 2030 477 2049 ex
492 2031 527 2049 ea
540 2020 659 2050 familia
675 2020 823 2050 abierant
839 2020 869 2050 in
881 2020 958 2049 alias
970 2027 1068 2050 terras
1082 2020 1238 2058 nonnulli,
1251 2019 1436 2060 utSpartain
1451 2030 1500 2060 ap.
1518 2019 1654 2049 Pausan.
1665 2017 1711 2049 iii.

273 2071 324 2101 18.
344 2082 372 2110 p.
396 2073 468 2102 0237.
486 2071 538 2100 alii
556 2073 747 2110 Syracusas:
768 2072 819 2110 qui
835 2077 938 2101 tamen
953 2071 1008 2109 jus
1025 2081 1118 2100 suum
1144 2071 1300 2111 Olympiae
1317 2070 1518 2100 sacrificandi
1545 2070 1710 2100 retinuisse

279 2121 439 2152 videntur.
491 2122 634 2152 Nobile-ui
656 2122 847 2152 Iamidarum
865 2123 1015 2153 familiam
1033 2123 1063 2152 in
1082 2122 1175 2152 Elide
1199 2122 1381 2162 aruspicina
1395 2121 1504 2155 fuisse,
1522 2121 1611 2151 docet
1629 2131 1708 2160 quo-

271 2183 332 2213 que
348 2173 460 2204 Cicero
478 2174 515 2203 de
535 2174 606 2206 Div.
622 2176 645 2206 i.
667 2179 722 2206 41.
742 2181 773 2205 et
791 2175 924 2207 Pansan.
945 2175 987 2207 vi.
1013 2177 1043 2206 2.
1067 2185 1098 2215 p.
1122 2177 1197 2206 455.
1216 2174 1270 2214 qui
1287 2174 1326 2204 ad
1344 2174 1472 2204 Pindari
1489 2171 1576 2213 ᾆσμα
1600 2183 1710 2214 provo-

276 2229 341 2254 eat.

825 2334 877 2374 Σ.
906 2331 946 2372 ά.
1006 2334 1059 2372 Κ.
1093 2330 1144 2371 ιά.

565 2440 900 2500 ΧΡΥΣΕΑΣ
928 2448 1257 2505 ὑποστάσαντες
1288 2447 1350 2498 εἰ)-

402 2597 431 2625 1.
444 2591 568 2632 ιῧτνχιῒ
578 2590 686 2621 vitiose
706 2590 776 2621 Ald.
796 2596 827 2620 et
843 2590 931 2621 MSS.
945 2591 1011 2622 Pal.
1038 2591 1078 2623 Β.
1102 2589 1234 2631 ιῦηιχιῖ
1244 2590 1336 2621 Bodl.
1354 2590 1420 2621 MS.
1439 2593 1468 2621 1.
1486 2590 1567 2621 ιΰτν-

318 2728 333 2753 1
356 2726 406 2756 13.
427 2724 512 2753 Ordo
528 2725 758 2754 sententiarum
777 2723 963 2754 obscuratur
1019 2735 1129 2765 parum
1148 2734 1269 2763 severe,
1301 2730 1336 2752 ut
1366 2722 1446 2752 solet
1470 2722 1501 2751 in
1519 2721 1704 2761 antiquiori.

279 2784 335 2814 per
349 2774 661 2815 puticulos,quarum
682 2773 800 2804 ususin
826 2773 962 2803 Pindaro
1019 2773 1087 2813 bus,
1113 2780 1160 2803 est
1190 2774 1396 2804 constitum&
1420 2771 1497 2801 Nam
1524 2769 1551 2801 δὶ
1585 2776 1631 2802 est
1649 2781 1705 2811 pro
