<?xml version="1.0" encoding="UTF-8"?>
<!DOCTYPE html PUBLIC "-//W3C//DTD XHTML 1.0 Transitional//EN"
    "http://www.w3.org/TR/xhtml1/DTD/xhtml1-transitional.dtd">
<html xmlns="http://www.w3.org/1999/xhtml" xml:lang="en" lang="en">
 <head>
  <title>
</title>
<meta http-equiv="Content-Type" content="text/html;charset=utf-8" />
  <meta name='ocr-system' content='tesseract 3.04.00' />
  <meta name='ocr-capabilities' content='ocr_page ocr_carea ocr_par ocr_line ocrx_word'/>
</head>
<body>
  <div class='ocr_page' id='page_1' title='image "./carminacumlectio01pinduoft_0027.png"; bbox 0 0 1877 3137; ppageno 0'>
   <div class='ocr_carea' id='block_1_1' title="bbox 679 221 1642 267">
    <p class='ocr_par' dir='ltr' id='par_1_1' title="bbox 679 221 1642 267">
     <span class='ocr_line' id='line_1_1' title="bbox 679 221 1642 267; baseline -0.001 -2"><span class='ocrx_word' id='word_1_1' title='bbox 679 221 1099 267; x_wconf 73' lang='lat' dir='ltr'><strong>PRAEFATIO.</strong></span> <span class='ocrx_word' id='word_1_2' title='bbox 1557 223 1642 265; x_wconf 73' lang='lat' dir='ltr'>xvii</span> 
     </span>
    </p>
   </div>
   <div class='ocr_carea' id='block_1_2' title="bbox 159 345 1660 1671">
    <p class='ocr_par' dir='ltr' id='par_1_2' title="bbox 159 345 1652 1137">
     <span class='ocr_line' id='line_1_2' title="bbox 196 345 1640 416; baseline -0.001 -23"><span class='ocrx_word' id='word_1_3' title='bbox 196 347 296 394; x_wconf 80' lang='lat' dir='ltr'>vidi</span> <span class='ocrx_word' id='word_1_4' title='bbox 315 355 704 397; x_wconf 87' lang='lat' dir='ltr'>commemorata.</span> <span class='ocrx_word' id='word_1_5' title='bbox 782 348 1043 396; x_wconf 84' lang='lat' dir='ltr'>Probabile</span> <span class='ocrx_word' id='word_1_6' title='bbox 1069 348 1231 416; x_wconf 89' lang='lat' dir='ltr'>itaque</span> <span class='ocrx_word' id='word_1_7' title='bbox 1255 345 1325 400; x_wconf 84' lang='lat' dir='ltr'>fit,</span> <span class='ocrx_word' id='word_1_8' title='bbox 1347 361 1459 392; x_wconf 89' lang='lat' dir='ltr'>casu</span> <span class='ocrx_word' id='word_1_9' title='bbox 1482 360 1640 393; x_wconf 85' lang='lat' dir='ltr'>serva-</span> 
     </span>
     <span class='ocr_line' id='line_1_3' title="bbox 197 419 1641 486; baseline -0.001 -19"><span class='ocrx_word' id='word_1_10' title='bbox 197 427 301 468; x_wconf 88' lang='lat' dir='ltr'>tum</span> <span class='ocrx_word' id='word_1_11' title='bbox 317 423 531 486; x_wconf 82' lang='lat' dir='ltr'>aliquem</span> <span class='ocrx_word' id='word_1_12' title='bbox 549 423 770 470; x_wconf 82' lang='lat' dir='ltr'>codicem</span> <span class='ocrx_word' id='word_1_13' title='bbox 788 423 894 469; x_wconf 86' lang='lat' dir='ltr'>haec</span> <span class='ocrx_word' id='word_1_14' title='bbox 916 428 1134 484; x_wconf 89' lang='lat' dir='ltr'>tempora</span> <span class='ocrx_word' id='word_1_15' title='bbox 1156 419 1370 481; x_wconf 80' lang='lat' dir='ltr'>attigisse</span> <span class='ocrx_word' id='word_1_16' title='bbox 1396 420 1509 466; x_wconf 88' lang='lat' dir='ltr'>satis</span> <span class='ocrx_word' id='word_1_17' title='bbox 1521 420 1641 466; x_wconf 89' lang='lat' dir='ltr'>inte-</span> 
     </span>
     <span class='ocr_line' id='line_1_4' title="bbox 197 494 1643 562; baseline 0 -20"><span class='ocrx_word' id='word_1_18' title='bbox 197 512 356 556; x_wconf 80' lang='lat' dir='ltr'>grum,</span> <span class='ocrx_word' id='word_1_19' title='bbox 382 506 430 545; x_wconf 89' lang='lat' dir='ltr'>et</span> <span class='ocrx_word' id='word_1_20' title='bbox 454 505 750 562; x_wconf 85' lang='lat' dir='ltr'>protractum</span> <span class='ocrx_word' id='word_1_21' title='bbox 774 499 823 545; x_wconf 91' lang='lat' dir='ltr'>in</span> <span class='ocrx_word' id='word_1_22' title='bbox 850 499 1010 544; x_wconf 83' lang='lat' dir='ltr'>lucem</span> <span class='ocrx_word' id='word_1_23' title='bbox 1028 514 1057 543; x_wconf 90' lang='lat' dir='ltr'>a</span> <span class='ocrx_word' id='word_1_24' title='bbox 1079 496 1303 559; x_wconf 90' lang='lat' dir='ltr'>pluribus</span> <span class='ocrx_word' id='word_1_25' title='bbox 1344 494 1643 556; x_wconf 86' lang='lat' dir='ltr'>descriptum</span> 
     </span>
     <span class='ocr_line' id='line_1_5' title="bbox 200 569 1644 636; baseline -0.001 -21"><span class='ocrx_word' id='word_1_26' title='bbox 200 585 316 619; x_wconf 90' lang='lat' dir='ltr'>esse.</span> <span class='ocrx_word' id='word_1_27' title='bbox 389 572 635 636; x_wconf 81' lang='lat' dir='ltr'>Corrupta</span> <span class='ocrx_word' id='word_1_28' title='bbox 671 579 831 619; x_wconf 92' lang='lat' dir='ltr'>autem</span> <span class='ocrx_word' id='word_1_29' title='bbox 876 571 1030 617; x_wconf 91' lang='lat' dir='ltr'>multo</span> <span class='ocrx_word' id='word_1_30' title='bbox 1068 571 1223 631; x_wconf 83' lang='lat' dir='ltr'>magis</span> <span class='ocrx_word' id='word_1_31' title='bbox 1258 569 1494 631; x_wconf 88' lang='lat' dir='ltr'>Olympia</span> <span class='ocrx_word' id='word_1_32' title='bbox 1512 576 1644 624; x_wconf 81' lang='lat' dir='ltr'>sunt,</span> 
     </span>
     <span class='ocr_line' id='line_1_6' title="bbox 201 642 1643 709; baseline -0.001 -19"><span class='ocrx_word' id='word_1_33' title='bbox 201 659 314 691; x_wconf 89' lang='lat' dir='ltr'>cum</span> <span class='ocrx_word' id='word_1_34' title='bbox 341 645 653 694; x_wconf 78' lang='lat' dir='ltr'>Isthmiorum</span> <span class='ocrx_word' id='word_1_35' title='bbox 681 647 794 709; x_wconf 76' lang='lat' dir='ltr'>fine,</span> <span class='ocrx_word' id='word_1_36' title='bbox 821 660 968 708; x_wconf 92' lang='lat' dir='ltr'>quam</span> <span class='ocrx_word' id='word_1_37' title='bbox 994 643 1168 706; x_wconf 86' lang='lat' dir='ltr'>Pythia</span> <span class='ocrx_word' id='word_1_38' title='bbox 1203 650 1250 690; x_wconf 91' lang='lat' dir='ltr'>et</span> <span class='ocrx_word' id='word_1_39' title='bbox 1273 642 1473 689; x_wconf 89' lang='lat' dir='ltr'>Nemea.</span> <span class='ocrx_word' id='word_1_40' title='bbox 1546 643 1643 689; x_wconf 87' lang='lat' dir='ltr'>Sed</span> 
     </span>
     <span class='ocr_line' id='line_1_7' title="bbox 159 717 1643 784; baseline 0.001 -23"><span class='ocrx_word' id='word_1_41' title='bbox 159 758 161 760; x_wconf 92' lang='lat'>.</span> <span class='ocrx_word' id='word_1_42' title='bbox 202 724 251 764; x_wconf 92' lang='lat' dir='ltr'>et</span> <span class='ocrx_word' id='word_1_43' title='bbox 277 719 327 765; x_wconf 87' lang='lat' dir='ltr'>in</span> <span class='ocrx_word' id='word_1_44' title='bbox 351 721 458 767; x_wconf 87' lang='lat' dir='ltr'>aliis</span> <span class='ocrx_word' id='word_1_45' title='bbox 475 721 793 784; x_wconf 80' lang='lat' dir='ltr'>scriptoribus</span> <span class='ocrx_word' id='word_1_46' title='bbox 817 719 909 765; x_wconf 91' lang='lat' dir='ltr'>hoc</span> <span class='ocrx_word' id='word_1_47' title='bbox 934 717 1324 765; x_wconf 88' lang='lat' dir='ltr'>animadvertere</span> <span class='ocrx_word' id='word_1_48' title='bbox 1344 717 1475 772; x_wconf 87' lang='lat' dir='ltr'>licet,</span> <span class='ocrx_word' id='word_1_49' title='bbox 1501 717 1643 780; x_wconf 89' lang='lat' dir='ltr'>copia</span> 
     </span>
     <span class='ocr_line' id='line_1_8' title="bbox 201 791 1649 856; baseline -0.001 -19"><span class='ocrx_word' id='word_1_50' title='bbox 201 806 379 853; x_wconf 77' lang='lat' dir='ltr'>magna</span> <span class='ocrx_word' id='word_1_51' title='bbox 423 794 652 841; x_wconf 89' lang='lat' dir='ltr'>codicum</span> <span class='ocrx_word' id='word_1_52' title='bbox 677 794 990 856; x_wconf 79' lang='lat' dir='ltr'>integriorem</span> <span class='ocrx_word' id='word_1_53' title='bbox 1017 798 1063 838; x_wconf 91' lang='lat' dir='ltr'>et</span> <span class='ocrx_word' id='word_1_54' title='bbox 1085 793 1340 838; x_wconf 91' lang='lat' dir='ltr'>meliorem</span> <span class='ocrx_word' id='word_1_55' title='bbox 1386 791 1649 837; x_wconf 87' lang='lat' dir='ltr'>lectionem-</span> 
     </span>
     <span class='ocr_line' id='line_1_9' title="bbox 204 865 1646 932; baseline -0.001 -20"><span class='ocrx_word' id='word_1_56' title='bbox 204 882 302 912; x_wconf 87' lang='lat' dir='ltr'>non</span> <span class='ocrx_word' id='word_1_57' title='bbox 327 868 467 915; x_wconf 87' lang='lat' dir='ltr'>facile</span> <span class='ocrx_word' id='word_1_58' title='bbox 503 869 717 932; x_wconf 68' lang='lat' dir='ltr'>praestari</span> <span class='ocrx_word' id='word_1_59' title='bbox 737 888 747 922; x_wconf 93' lang='lat'>;</span> <span class='ocrx_word' id='word_1_60' title='bbox 784 875 952 914; x_wconf 89' lang='lat' dir='ltr'>contra</span> <span class='ocrx_word' id='word_1_61' title='bbox 976 876 1001 912; x_wconf 89' lang='lat' dir='ltr'>e</span> <span class='ocrx_word' id='word_1_62' title='bbox 1027 866 1338 912; x_wconf 82' lang='lat' dir='ltr'>librariorum</span> <span class='ocrx_word' id='word_1_63' title='bbox 1357 871 1552 927; x_wconf 87' lang='lat' dir='ltr'>stupore</span> <span class='ocrx_word' id='word_1_64' title='bbox 1569 865 1646 911; x_wconf 88' lang='lat' dir='ltr'>vel</span> 
     </span>
     <span class='ocr_line' id='line_1_10' title="bbox 202 938 1651 999; baseline -0.001 -14"><span class='ocrx_word' id='word_1_65' title='bbox 202 942 451 988; x_wconf 84' lang='lat' dir='ltr'>oscitantia</span> <span class='ocrx_word' id='word_1_66' title='bbox 495 943 746 989; x_wconf 82' lang='lat' dir='ltr'>molestam</span> <span class='ocrx_word' id='word_1_67' title='bbox 789 941 1018 988; x_wconf 79' lang='lat' dir='ltr'>variantis</span> <span class='ocrx_word' id='word_1_68' title='bbox 1077 939 1300 986; x_wconf 88' lang='lat' dir='ltr'>lectionis</span> <span class='ocrx_word' id='word_1_69' title='bbox 1354 938 1651 999; x_wconf 82' lang='lat' dir='ltr'>farraginem</span> 
     </span>
     <span class='ocr_line' id='line_1_11' title="bbox 205 1012 1652 1078; baseline 0 -20"><span class='ocrx_word' id='word_1_70' title='bbox 205 1016 350 1070; x_wconf 86' lang='lat' dir='ltr'>nasci,</span> <span class='ocrx_word' id='word_1_71' title='bbox 374 1032 546 1078; x_wconf 87' lang='lat' dir='ltr'>parum</span> <span class='ocrx_word' id='word_1_72' title='bbox 569 1023 653 1063; x_wconf 89' lang='lat' dir='ltr'>aut</span> <span class='ocrx_word' id='word_1_73' title='bbox 693 1016 816 1063; x_wconf 90' lang='lat' dir='ltr'>nihil</span> <span class='ocrx_word' id='word_1_74' title='bbox 841 1014 1159 1078; x_wconf 83' lang='lat' dir='ltr'>profuturam,</span> <span class='ocrx_word' id='word_1_75' title='bbox 1184 1013 1268 1060; x_wconf 89' lang='lat' dir='ltr'>sed</span> <span class='ocrx_word' id='word_1_76' title='bbox 1314 1012 1469 1059; x_wconf 90' lang='lat' dir='ltr'>multo</span> <span class='ocrx_word' id='word_1_77' title='bbox 1495 1012 1652 1074; x_wconf 81' lang='lat' dir='ltr'>magis</span> 
     </span>
     <span class='ocr_line' id='line_1_12' title="bbox 205 1088 1090 1137; baseline 0.001 -4"><span class='ocrx_word' id='word_1_78' title='bbox 205 1088 482 1137; x_wconf 87' lang='lat' dir='ltr'>obfuturam</span> <span class='ocrx_word' id='word_1_79' title='bbox 508 1091 654 1137; x_wconf 87' lang='lat' dir='ltr'>etiam</span> <span class='ocrx_word' id='word_1_80' title='bbox 683 1090 863 1137; x_wconf 88' lang='lat' dir='ltr'>criticis</span> <span class='ocrx_word' id='word_1_81' title='bbox 902 1089 1090 1135; x_wconf 88' lang='lat' dir='ltr'>studiis.</span> 
     </span>
    </p>

    <p class='ocr_par' dir='ltr' id='par_1_3' title="bbox 208 1159 1660 1671">
     <span class='ocr_line' id='line_1_13' title="bbox 274 1159 1656 1227; baseline -0.007 -13"><span class='ocrx_word' id='word_1_82' title='bbox 274 1163 407 1214; x_wconf 86' lang='lat' dir='ltr'>Quot</span> <span class='ocrx_word' id='word_1_83' title='bbox 429 1171 477 1211; x_wconf 88' lang='lat' dir='ltr'>et</span> <span class='ocrx_word' id='word_1_84' title='bbox 493 1180 616 1227; x_wconf 85' lang='lat' dir='ltr'>quos</span> <span class='ocrx_word' id='word_1_85' title='bbox 630 1164 822 1211; x_wconf 88' lang='lat' dir='ltr'>codices</span> <span class='ocrx_word' id='word_1_86' title='bbox 848 1162 1005 1209; x_wconf 85' lang='lat' dir='ltr'>Aldus</span> <span class='ocrx_word' id='word_1_87' title='bbox 1038 1168 1085 1209; x_wconf 93' lang='lat' dir='ltr'>et</span> <span class='ocrx_word' id='word_1_88' title='bbox 1106 1160 1373 1208; x_wconf 86' lang='lat' dir='ltr'>secundum</span> <span class='ocrx_word' id='word_1_89' title='bbox 1400 1175 1512 1206; x_wconf 93' lang='lat' dir='ltr'>eum</span> <span class='ocrx_word' id='word_1_90' title='bbox 1538 1159 1656 1206; x_wconf 80' lang='lat' dir='ltr'>Cal-</span> 
     </span>
     <span class='ocr_line' id='line_1_14' title="bbox 208 1234 1652 1301; baseline -0.001 -19"><span class='ocrx_word' id='word_1_91' title='bbox 208 1237 389 1299; x_wconf 73' lang='lat' dir='ltr'>liergus</span> <span class='ocrx_word' id='word_1_92' title='bbox 428 1239 769 1301; x_wconf 84' lang='lat' dir='ltr'>expresserint,</span> <span class='ocrx_word' id='word_1_93' title='bbox 807 1254 907 1284; x_wconf 87' lang='grc'><strong>11011</strong></span> <span class='ocrx_word' id='word_1_94' title='bbox 940 1242 1139 1283; x_wconf 84' lang='lat' dir='ltr'>constat.</span> <span class='ocrx_word' id='word_1_95' title='bbox 1207 1234 1310 1281; x_wconf 89' lang='lat' dir='ltr'>Nec</span> <span class='ocrx_word' id='word_1_96' title='bbox 1352 1234 1526 1281; x_wconf 90' lang='lat' dir='ltr'>iisdem</span> <span class='ocrx_word' id='word_1_97' title='bbox 1568 1250 1652 1281; x_wconf 91' lang='lat' dir='ltr'>eos</span> 
     </span>
     <span class='ocr_line' id='line_1_15' title="bbox 209 1308 1650 1376; baseline -0.001 -19"><span class='ocrx_word' id='word_1_98' title='bbox 209 1311 346 1358; x_wconf 90' lang='lat' dir='ltr'>libris</span> <span class='ocrx_word' id='word_1_99' title='bbox 369 1328 456 1375; x_wconf 87' lang='lat' dir='ltr'>per</span> <span class='ocrx_word' id='word_1_100' title='bbox 481 1319 640 1359; x_wconf 92' lang='lat' dir='ltr'>totum</span> <span class='ocrx_word' id='word_1_101' title='bbox 664 1328 787 1376; x_wconf 91' lang='lat' dir='ltr'>opus</span> <span class='ocrx_word' id='word_1_102' title='bbox 811 1327 923 1358; x_wconf 87' lang='lat' dir='ltr'>usos</span> <span class='ocrx_word' id='word_1_103' title='bbox 945 1326 1047 1358; x_wconf 87' lang='lat' dir='ltr'>esse</span> <span class='ocrx_word' id='word_1_104' title='bbox 1072 1309 1265 1372; x_wconf 89' lang='lat' dir='ltr'>liquido</span> <span class='ocrx_word' id='word_1_105' title='bbox 1313 1308 1650 1370; x_wconf 81' lang='lat' dir='ltr'>cognovimus.</span> 
     </span>
     <span class='ocr_line' id='line_1_16' title="bbox 210 1383 1656 1451; baseline -0.001 -20"><span class='ocrx_word' id='word_1_106' title='bbox 210 1385 265 1431; x_wconf 93' lang='lat' dir='ltr'>In</span> <span class='ocrx_word' id='word_1_107' title='bbox 288 1386 534 1451; x_wconf 76' lang='lat' dir='ltr'>Olympiis</span> <span class='ocrx_word' id='word_1_108' title='bbox 550 1387 707 1434; x_wconf 78' lang='lat' dir='ltr'>Aldus</span> <span class='ocrx_word' id='word_1_109' title='bbox 731 1386 951 1434; x_wconf 90' lang='lat' dir='ltr'>codicem</span> <span class='ocrx_word' id='word_1_110' title='bbox 984 1391 1227 1431; x_wconf 87' lang='lat' dir='ltr'>recentem</span> <span class='ocrx_word' id='word_1_111' title='bbox 1273 1383 1498 1430; x_wconf 87' lang='lat' dir='ltr'>habuisse</span> <span class='ocrx_word' id='word_1_112' title='bbox 1522 1383 1656 1430; x_wconf 88' lang='lat' dir='ltr'>vide-</span> 
     </span>
     <span class='ocr_line' id='line_1_17' title="bbox 212 1456 1659 1523; baseline -0.001 -18"><span class='ocrx_word' id='word_1_113' title='bbox 212 1466 304 1515; x_wconf 89' lang='lat' dir='ltr'>tur,</span> <span class='ocrx_word' id='word_1_114' title='bbox 325 1462 408 1523; x_wconf 92' lang='lat' dir='ltr'>qui</span> <span class='ocrx_word' id='word_1_115' title='bbox 446 1461 507 1508; x_wconf 90' lang='lat' dir='ltr'>ad</span> <span class='ocrx_word' id='word_1_116' title='bbox 547 1461 808 1508; x_wconf 88' lang='lat' dir='ltr'>dialectum</span> <span class='ocrx_word' id='word_1_117' title='bbox 846 1461 1098 1521; x_wconf 67' lang='lat' dir='ltr'>vulgarem</span> <span class='ocrx_word' id='word_1_118' title='bbox 1132 1458 1344 1521; x_wconf 87' lang='lat' dir='ltr'>plurima</span> <span class='ocrx_word' id='word_1_119' title='bbox 1388 1456 1659 1504; x_wconf 82' lang='lat' dir='ltr'>inflexisset</span> 
     </span>
     <span class='ocr_line' id='line_1_18' title="bbox 213 1533 1656 1597; baseline -0.001 -17"><span class='ocrx_word' id='word_1_120' title='bbox 213 1542 261 1581; x_wconf 89' lang='lat' dir='ltr'>et</span> <span class='ocrx_word' id='word_1_121' title='bbox 282 1543 528 1583; x_wconf 80' lang='lat' dir='ltr'>mutasset.</span> <span class='ocrx_word' id='word_1_122' title='bbox 597 1536 767 1597; x_wconf 82' lang='lat' dir='ltr'>Longe</span> <span class='ocrx_word' id='word_1_123' title='bbox 798 1535 1054 1581; x_wconf 91' lang='lat' dir='ltr'>meliorem</span> <span class='ocrx_word' id='word_1_124' title='bbox 1087 1533 1270 1579; x_wconf 84' lang='lat' dir='ltr'>librum</span> <span class='ocrx_word' id='word_1_125' title='bbox 1316 1533 1562 1593; x_wconf 85' lang='lat' dir='ltr'>expressit</span> <span class='ocrx_word' id='word_1_126' title='bbox 1604 1533 1656 1579; x_wconf 89' lang='lat' dir='ltr'>in</span> 
     </span>
     <span class='ocr_line' id='line_1_19' title="bbox 220 1607 1660 1671; baseline 0 -18"><span class='ocrx_word' id='word_1_127' title='bbox 220 1607 405 1670; x_wconf 68' lang='lat' dir='ltr'>Pythiis</span> <span class='ocrx_word' id='word_1_128' title='bbox 428 1616 476 1655; x_wconf 93' lang='lat' dir='ltr'>et</span> <span class='ocrx_word' id='word_1_129' title='bbox 498 1611 549 1656; x_wconf 92' lang='lat' dir='ltr'>in</span> <span class='ocrx_word' id='word_1_130' title='bbox 578 1609 804 1656; x_wconf 88' lang='lat' dir='ltr'>Nemeis:</span> <span class='ocrx_word' id='word_1_131' title='bbox 839 1609 1006 1664; x_wconf 88' lang='lat' dir='ltr'>alium,</span> <span class='ocrx_word' id='word_1_132' title='bbox 1053 1622 1266 1668; x_wconf 90' lang='lat' dir='ltr'>eumque</span> <span class='ocrx_word' id='word_1_133' title='bbox 1306 1607 1420 1653; x_wconf 88' lang='lat' dir='ltr'>satis</span> <span class='ocrx_word' id='word_1_134' title='bbox 1460 1622 1660 1671; x_wconf 89' lang='lat' dir='ltr'>corrup-</span> 
     </span>
    </p>
   </div>
   <div class='ocr_carea' id='block_1_3' title="bbox 215 1689 1670 2952">
    <p class='ocr_par' dir='ltr' id='par_1_4' title="bbox 215 1689 1662 1904">
     <span class='ocr_line' id='line_1_20' title="bbox 215 1689 1660 1753; baseline 0.002 -18"><span class='ocrx_word' id='word_1_135' title='bbox 215 1697 334 1746; x_wconf 87' lang='lat' dir='ltr'>tum,</span> <span class='ocrx_word' id='word_1_136' title='bbox 360 1692 411 1737; x_wconf 87' lang='lat' dir='ltr'>in</span> <span class='ocrx_word' id='word_1_137' title='bbox 436 1692 663 1739; x_wconf 86' lang='lat' dir='ltr'>Isthmiis.</span> <span class='ocrx_word' id='word_1_138' title='bbox 719 1691 994 1753; x_wconf 82' lang='lat' dir='ltr'>Calliergus</span> <span class='ocrx_word' id='word_1_139' title='bbox 1016 1705 1133 1736; x_wconf 87' lang='lat' dir='ltr'>vero</span> <span class='ocrx_word' id='word_1_140' title='bbox 1157 1690 1209 1736; x_wconf 92' lang='lat' dir='ltr'>in</span> <span class='ocrx_word' id='word_1_141' title='bbox 1233 1689 1475 1753; x_wconf 87' lang='lat' dir='ltr'>Olympiis</span> <span class='ocrx_word' id='word_1_142' title='bbox 1497 1691 1660 1738; x_wconf 87' lang='lat' dir='ltr'>statim</span> 
     </span>
     <span class='ocr_line' id='line_1_21' title="bbox 217 1764 1662 1827; baseline 0.002 -19"><span class='ocrx_word' id='word_1_143' title='bbox 217 1765 567 1812; x_wconf 83' lang='lat' dir='ltr'>emendatiores</span> <span class='ocrx_word' id='word_1_144' title='bbox 590 1767 740 1812; x_wconf 91' lang='lat' dir='ltr'>libros</span> <span class='ocrx_word' id='word_1_145' title='bbox 755 1765 994 1819; x_wconf 79' lang='lat' dir='ltr'>adhibuit,</span> <span class='ocrx_word' id='word_1_146' title='bbox 1019 1764 1159 1826; x_wconf 88' lang='lat' dir='ltr'>plura</span> <span class='ocrx_word' id='word_1_147' title='bbox 1195 1779 1395 1827; x_wconf 90' lang='lat' dir='ltr'>quoque</span> <span class='ocrx_word' id='word_1_148' title='bbox 1422 1779 1482 1810; x_wconf 88' lang='lat' dir='ltr'>ex</span> <span class='ocrx_word' id='word_1_149' title='bbox 1511 1764 1662 1811; x_wconf 89' lang='lat' dir='ltr'>Scho-</span> 
     </span>
     <span class='ocr_line' id='line_1_22' title="bbox 216 1837 1294 1904; baseline 0.002 -22"><span class='ocrx_word' id='word_1_150' title='bbox 216 1837 309 1893; x_wconf 87' lang='lat' dir='ltr'>liis,</span> <span class='ocrx_word' id='word_1_151' title='bbox 337 1855 450 1901; x_wconf 83' lang='lat' dir='ltr'>quae</span> <span class='ocrx_word' id='word_1_152' title='bbox 470 1841 657 1902; x_wconf 89' lang='lat' dir='ltr'>primus</span> <span class='ocrx_word' id='word_1_153' title='bbox 676 1839 917 1904; x_wconf 85' lang='lat' dir='ltr'>apposuit,</span> <span class='ocrx_word' id='word_1_154' title='bbox 937 1843 1188 1884; x_wconf 85' lang='lat' dir='ltr'>mutuatus</span> <span class='ocrx_word' id='word_1_155' title='bbox 1209 1844 1294 1885; x_wconf 88' lang='lat' dir='ltr'>est.</span> 
     </span>
    </p>

    <p class='ocr_par' dir='ltr' id='par_1_5' title="bbox 215 1912 1670 2952">
     <span class='ocr_line' id='line_1_23' title="bbox 284 1912 1662 1978; baseline 0.001 -20"><span class='ocrx_word' id='word_1_156' title='bbox 284 1912 488 1970; x_wconf 86' lang='lat' dir='ltr'>Omnes,</span> <span class='ocrx_word' id='word_1_157' title='bbox 516 1921 758 1978; x_wconf 83' lang='lat' dir='ltr'>quotquot</span> <span class='ocrx_word' id='word_1_158' title='bbox 782 1913 1084 1974; x_wconf 79' lang='lat' dir='ltr'>Calliergum</span> <span class='ocrx_word' id='word_1_159' title='bbox 1113 1918 1429 1974; x_wconf 83' lang='lat' dir='ltr'>exceperunt,</span> <span class='ocrx_word' id='word_1_160' title='bbox 1449 1912 1662 1960; x_wconf 84' lang='lat' dir='ltr'>editores</span> 
     </span>
     <span class='ocr_line' id='line_1_24' title="bbox 215 1987 1663 2054; baseline 0.001 -21"><span class='ocrx_word' id='word_1_161' title='bbox 215 1987 467 2036; x_wconf 87' lang='lat' dir='ltr'>codicibus</span> <span class='ocrx_word' id='word_1_162' title='bbox 503 1991 694 2054; x_wconf 89' lang='lat' dir='ltr'>scriptis</span> <span class='ocrx_word' id='word_1_163' title='bbox 739 2006 885 2052; x_wconf 78' lang='lat' dir='ltr'>aequo</span> <span class='ocrx_word' id='word_1_164' title='bbox 914 1988 1080 2035; x_wconf 88' lang='lat' dir='ltr'>animo</span> <span class='ocrx_word' id='word_1_165' title='bbox 1107 1994 1382 2035; x_wconf 86' lang='lat' dir='ltr'>caruerunt..</span> <span class='ocrx_word' id='word_1_166' title='bbox 1440 1988 1663 2051; x_wconf 80' lang='lat' dir='ltr'>Diligen-</span> 
     </span>
     <span class='ocr_line' id='line_1_25' title="bbox 217 2062 1666 2128; baseline 0.001 -20"><span class='ocrx_word' id='word_1_167' title='bbox 217 2063 314 2109; x_wconf 89' lang='lat' dir='ltr'>tior</span> <span class='ocrx_word' id='word_1_168' title='bbox 336 2064 430 2110; x_wconf 91' lang='lat' dir='ltr'>fuit</span> <span class='ocrx_word' id='word_1_169' title='bbox 464 2081 610 2128; x_wconf 86' lang='lat' dir='ltr'>opera</span> <span class='ocrx_word' id='word_1_170' title='bbox 658 2064 915 2119; x_wconf 83' lang='lat' dir='ltr'>Schmidii,</span> <span class='ocrx_word' id='word_1_171' title='bbox 965 2062 1212 2125; x_wconf 85' lang='lat' dir='ltr'>popularis</span> <span class='ocrx_word' id='word_1_172' title='bbox 1250 2063 1417 2118; x_wconf 81' lang='lat' dir='ltr'>nostri,</span> <span class='ocrx_word' id='word_1_173' title='bbox 1459 2063 1567 2119; x_wconf 86' lang='lat' dir='ltr'>viri,</span> <span class='ocrx_word' id='word_1_174' title='bbox 1611 2069 1666 2110; x_wconf 86' lang='lat' dir='ltr'>ut</span> 
     </span>
     <span class='ocr_line' id='line_1_26' title="bbox 218 2136 1665 2199; baseline 0.001 -17"><span class='ocrx_word' id='word_1_175' title='bbox 218 2144 353 2183; x_wconf 87' lang='lat' dir='ltr'>erant</span> <span class='ocrx_word' id='word_1_176' title='bbox 392 2155 448 2184; x_wconf 85' lang='lat' dir='ltr'>ea</span> <span class='ocrx_word' id='word_1_177' title='bbox 489 2145 627 2186; x_wconf 78' lang='lat' dir='ltr'>aetate</span> <span class='ocrx_word' id='word_1_178' title='bbox 671 2139 910 2192; x_wconf 83' lang='lat' dir='ltr'>homines,</span> <span class='ocrx_word' id='word_1_179' title='bbox 955 2142 1175 2183; x_wconf 86' lang='lat' dir='ltr'>accurate</span> <span class='ocrx_word' id='word_1_180' title='bbox 1220 2136 1412 2193; x_wconf 85' lang='lat' dir='ltr'>eruditi,</span> <span class='ocrx_word' id='word_1_181' title='bbox 1457 2138 1544 2199; x_wconf 90' lang='lat' dir='ltr'>qui</span> <span class='ocrx_word' id='word_1_182' title='bbox 1567 2144 1665 2184; x_wconf 88' lang='lat' dir='ltr'>tres</span> 
     </span>
     <span class='ocr_line' id='line_1_27' title="bbox 220 2209 1666 2273; baseline 0.001 -18"><span class='ocrx_word' id='word_1_183' title='bbox 220 2209 466 2260; x_wconf 83' lang='lat' dir='ltr'>Palatinos</span> <span class='ocrx_word' id='word_1_184' title='bbox 491 2229 551 2259; x_wconf 85' lang='lat' dir='ltr'>ex</span> <span class='ocrx_word' id='word_1_185' title='bbox 573 2211 729 2260; x_wconf 86' lang='lat' dir='ltr'>Elect.</span> <span class='ocrx_word' id='word_1_186' title='bbox 761 2212 910 2259; x_wconf 85' lang='lat' dir='ltr'>Palat.</span> <span class='ocrx_word' id='word_1_187' title='bbox 948 2211 1258 2258; x_wconf 88' lang='lat' dir='ltr'>Bibliotheca</span> <span class='ocrx_word' id='word_1_188' title='bbox 1281 2210 1666 2273; x_wconf 73' lang='lat' dir='ltr'>Heidelbergen-</span> 
     </span>
     <span class='ocr_line' id='line_1_28' title="bbox 219 2284 1665 2350; baseline -0.001 -18"><span class='ocrx_word' id='word_1_189' title='bbox 219 2286 258 2332; x_wconf 90' lang='lat' dir='ltr'>si</span> <span class='ocrx_word' id='word_1_190' title='bbox 291 2293 458 2333; x_wconf 88' lang='lat' dir='ltr'>nactus</span> <span class='ocrx_word' id='word_1_191' title='bbox 499 2293 612 2343; x_wconf 88' lang='lat' dir='ltr'>erat,</span> <span class='ocrx_word' id='word_1_192' title='bbox 653 2303 777 2350; x_wconf 86' lang='lat' dir='ltr'>quos</span> <span class='ocrx_word' id='word_1_193' title='bbox 814 2286 918 2334; x_wconf 91' lang='lat' dir='ltr'>Pal.</span> <span class='ocrx_word' id='word_1_194' title='bbox 955 2284 1017 2331; x_wconf 85' lang='lat' dir='ltr'>A.</span> <span class='ocrx_word' id='word_1_195' title='bbox 1055 2285 1115 2332; x_wconf 85' lang='lat' dir='ltr'>B.</span> <span class='ocrx_word' id='word_1_196' title='bbox 1145 2284 1205 2332; x_wconf 88' lang='lat' dir='ltr'>C.</span> <span class='ocrx_word' id='word_1_197' title='bbox 1241 2284 1478 2346; x_wconf 83' lang='lat' dir='ltr'>insignire</span> <span class='ocrx_word' id='word_1_198' title='bbox 1524 2285 1665 2330; x_wconf 83' lang='lat' dir='ltr'>solet.</span> 
     </span>
     <span class='ocr_line' id='line_1_29' title="bbox 223 2354 1667 2422; baseline -0.001 -16"><span class='ocrx_word' id='word_1_199' title='bbox 223 2354 416 2408; x_wconf 78' lang='lat' dir='ltr'>Primus</span> <span class='ocrx_word' id='word_1_200' title='bbox 428 2362 826 2409; x_wconf 87' lang='lat' dir='ltr'>membranaceus</span> <span class='ocrx_word' id='word_1_201' title='bbox 839 2361 948 2416; x_wconf 88' lang='lat' dir='ltr'>fuit,</span> <span class='ocrx_word' id='word_1_202' title='bbox 966 2359 1214 2422; x_wconf 88' lang='lat' dir='ltr'>quantivis</span> <span class='ocrx_word' id='word_1_203' title='bbox 1232 2359 1314 2404; x_wconf 92' lang='lat' dir='ltr'>ille</span> <span class='ocrx_word' id='word_1_204' title='bbox 1333 2359 1493 2421; x_wconf 89' lang='lat' dir='ltr'>pretii,</span> <span class='ocrx_word' id='word_1_205' title='bbox 1517 2374 1667 2421; x_wconf 86' lang='lat' dir='ltr'>quan-</span> 
     </span>
     <span class='ocr_line' id='line_1_30' title="bbox 218 2432 1668 2499; baseline -0.001 -18"><span class='ocrx_word' id='word_1_206' title='bbox 218 2441 325 2483; x_wconf 90' lang='lat' dir='ltr'>tum</span> <span class='ocrx_word' id='word_1_207' title='bbox 347 2437 548 2499; x_wconf 89' lang='lat' dir='ltr'>quidem</span> <span class='ocrx_word' id='word_1_208' title='bbox 569 2453 631 2484; x_wconf 89' lang='lat' dir='ltr'>ex</span> <span class='ocrx_word' id='word_1_209' title='bbox 656 2438 863 2484; x_wconf 88' lang='lat' dir='ltr'>lectione</span> <span class='ocrx_word' id='word_1_210' title='bbox 880 2432 1072 2483; x_wconf 80' lang='lat' dir='ltr'>enotata</span> <span class='ocrx_word' id='word_1_211' title='bbox 1084 2435 1355 2497; x_wconf 81' lang='lat' dir='ltr'>intelligere</span> <span class='ocrx_word' id='word_1_212' title='bbox 1379 2435 1519 2490; x_wconf 83' lang='lat' dir='ltr'>licet3</span> <span class='ocrx_word' id='word_1_213' title='bbox 1545 2435 1668 2481; x_wconf 87' lang='lat' dir='ltr'>alter</span> 
     </span>
     <span class='ocr_line' id='line_1_31' title="bbox 220 2516 1664 2580; baseline -0.002 -14"><span class='ocrx_word' id='word_1_214' title='bbox 220 2525 268 2566; x_wconf 89' lang='lat' dir='ltr'>et</span> <span class='ocrx_word' id='word_1_215' title='bbox 289 2519 456 2567; x_wconf 90' lang='lat' dir='ltr'>tertius</span> <span class='ocrx_word' id='word_1_216' title='bbox 479 2518 732 2575; x_wconf 88' lang='lat' dir='ltr'>chartacei,</span> <span class='ocrx_word' id='word_1_217' title='bbox 781 2525 827 2565; x_wconf 95' lang='lat' dir='ltr'>et</span> <span class='ocrx_word' id='word_1_218' title='bbox 871 2519 1039 2580; x_wconf 79' lang='lat' dir='ltr'>exigui</span> <span class='ocrx_word' id='word_1_219' title='bbox 1080 2532 1194 2564; x_wconf 90' lang='lat' dir='ltr'>usus</span> <span class='ocrx_word' id='word_1_220' title='bbox 1240 2525 1288 2563; x_wconf 89' lang='lat' dir='ltr'>et</span> <span class='ocrx_word' id='word_1_221' title='bbox 1332 2516 1630 2563; x_wconf 87' lang='lat' dir='ltr'>auctoritatis</span> <span class='ocrx_word' id='word_1_222' title='bbox 1653 2537 1664 2573; x_wconf 92' lang='grc'>;</span> 
     </span>
     <span class='ocr_line' id='line_1_32' title="bbox 223 2591 1670 2655; baseline -0.001 -16"><span class='ocrx_word' id='word_1_223' title='bbox 223 2594 391 2640; x_wconf 88' lang='lat' dir='ltr'>tertius</span> <span class='ocrx_word' id='word_1_224' title='bbox 405 2609 518 2641; x_wconf 89' lang='lat' dir='ltr'>cum</span> <span class='ocrx_word' id='word_1_225' title='bbox 540 2592 724 2640; x_wconf 89' lang='lat' dir='ltr'>Aldino</span> <span class='ocrx_word' id='word_1_226' title='bbox 759 2593 1025 2655; x_wconf 82' lang='lat' dir='ltr'>exemplari</span> <span class='ocrx_word' id='word_1_227' title='bbox 1058 2591 1180 2638; x_wconf 88' lang='lat' dir='ltr'>adeo</span> <span class='ocrx_word' id='word_1_228' title='bbox 1219 2591 1478 2654; x_wconf 87' lang='lat' dir='ltr'>conspirat,</span> <span class='ocrx_word' id='word_1_229' title='bbox 1519 2597 1574 2637; x_wconf 90' lang='lat' dir='ltr'>ut</span> <span class='ocrx_word' id='word_1_230' title='bbox 1597 2591 1670 2638; x_wconf 87' lang='lat' dir='ltr'>in-</span> 
     </span>
     <span class='ocr_line' id='line_1_33' title="bbox 222 2665 1667 2726; baseline -0.003 -10"><span class='ocrx_word' id='word_1_231' title='bbox 222 2669 413 2716; x_wconf 90' lang='lat' dir='ltr'>terdum</span> <span class='ocrx_word' id='word_1_232' title='bbox 471 2667 812 2723; x_wconf 87' lang='lat' dir='ltr'>dubitaverim,</span> <span class='ocrx_word' id='word_1_233' title='bbox 870 2683 930 2713; x_wconf 84' lang='lat' dir='ltr'>an</span> <span class='ocrx_word' id='word_1_234' title='bbox 981 2666 1097 2713; x_wconf 90' lang='lat' dir='ltr'>inde</span> <span class='ocrx_word' id='word_1_235' title='bbox 1151 2665 1470 2726; x_wconf 87' lang='lat' dir='ltr'>transcriptus</span> <span class='ocrx_word' id='word_1_236' title='bbox 1528 2672 1667 2712; x_wconf 85' lang='lat' dir='ltr'>esset.</span> 
     </span>
     <span class='ocr_line' id='line_1_34' title="bbox 221 2738 1670 2804; baseline -0.002 -15"><span class='ocrx_word' id='word_1_237' title='bbox 221 2741 416 2793; x_wconf 89' lang='lat' dir='ltr'>Priores</span> <span class='ocrx_word' id='word_1_238' title='bbox 441 2742 538 2789; x_wconf 88' lang='lat' dir='ltr'>duo</span> <span class='ocrx_word' id='word_1_239' title='bbox 558 2742 806 2804; x_wconf 84' lang='lat' dir='ltr'>Olympia,</span> <span class='ocrx_word' id='word_1_240' title='bbox 848 2742 1016 2788; x_wconf 84' lang='lat' dir='ltr'>tertius</span> <span class='ocrx_word' id='word_1_241' title='bbox 1039 2740 1272 2803; x_wconf 78' lang='lat' dir='ltr'>Olympia</span> <span class='ocrx_word' id='word_1_242' title='bbox 1289 2745 1336 2785; x_wconf 95' lang='lat' dir='ltr'>et</span> <span class='ocrx_word' id='word_1_243' title='bbox 1358 2738 1533 2801; x_wconf 86' lang='lat' dir='ltr'>Pythia</span> <span class='ocrx_word' id='word_1_244' title='bbox 1556 2755 1670 2786; x_wconf 89' lang='lat' dir='ltr'>con-</span> 
     </span>
     <span class='ocr_line' id='line_1_35' title="bbox 224 2813 1666 2878; baseline 0 -17"><span class='ocrx_word' id='word_1_245' title='bbox 224 2816 424 2864; x_wconf 87' lang='lat' dir='ltr'>tinebat.</span> <span class='ocrx_word' id='word_1_246' title='bbox 496 2817 774 2878; x_wconf 83' lang='lat' dir='ltr'>Fragmenti</span> <span class='ocrx_word' id='word_1_247' title='bbox 810 2815 1136 2863; x_wconf 60' lang='lat' dir='ltr'>Bibliothecae</span> <span class='ocrx_word' id='word_1_248' title='bbox 1172 2813 1514 2875; x_wconf 76' lang='lat' dir='ltr'>Augustanaea</span> <span class='ocrx_word' id='word_1_249' title='bbox 1544 2814 1666 2861; x_wconf 86' lang='lat' dir='ltr'>Dav.</span> 
     </span>
     <span class='ocr_line' id='line_1_36' title="bbox 225 2886 1668 2952; baseline -0.003 -14"><span class='ocrx_word' id='word_1_250' title='bbox 225 2891 516 2938; x_wconf 88' lang='lat' dir='ltr'>Hoeschelio</span> <span class='ocrx_word' id='word_1_251' title='bbox 535 2891 694 2938; x_wconf 88' lang='lat' dir='ltr'>collati</span> <span class='ocrx_word' id='word_1_252' title='bbox 711 2889 854 2937; x_wconf 91' lang='lat' dir='ltr'>lectio</span> <span class='ocrx_word' id='word_1_253' title='bbox 874 2888 935 2936; x_wconf 89' lang='lat' dir='ltr'>ad</span> <span class='ocrx_word' id='word_1_254' title='bbox 958 2903 1152 2952; x_wconf 88' lang='lat' dir='ltr'>parvam</span> <span class='ocrx_word' id='word_1_255' title='bbox 1183 2886 1501 2950; x_wconf 88' lang='lat' dir='ltr'>Pythicorum</span> <span class='ocrx_word' id='word_1_256' title='bbox 1526 2886 1668 2950; x_wconf 88' lang='lat' dir='ltr'>parti-</span> 
     </span>
    </p>
   </div>
   <div class='ocr_carea' id='block_1_4' title="bbox 342 2994 977 3023">
    <p class='ocr_par' dir='ltr' id='par_1_6' title="bbox 342 2994 977 3023">
     <span class='ocr_line' id='line_1_37' title="bbox 342 2994 977 3023; baseline -0.003 -1"><span class='ocrx_word' id='word_1_257' title='bbox 342 2994 442 3023; x_wconf 76' lang='lat' dir='ltr'><strong>VOL.</strong></span> <span class='ocrx_word' id='word_1_258' title='bbox 465 2995 496 3023; x_wconf 85' lang='grc' dir='ltr'>Ι.</span> <span class='ocrx_word' id='word_1_259' title='bbox 957 2994 977 3020; x_wconf 81' lang='lat' dir='ltr'><em>C</em></span> 
     </span>
    </p>
   </div>
  </div>
 </body>
</html>
