<?xml version="1.0" encoding="UTF-8"?>
<!DOCTYPE html PUBLIC "-//W3C//DTD XHTML 1.0 Transitional//EN"
    "http://www.w3.org/TR/xhtml1/DTD/xhtml1-transitional.dtd">
<html xmlns="http://www.w3.org/1999/xhtml" xml:lang="en" lang="en">
 <head>
  <title>
</title>
<meta http-equiv="Content-Type" content="text/html;charset=utf-8" />
  <meta name='ocr-system' content='tesseract 3.04.00' />
  <meta name='ocr-capabilities' content='ocr_page ocr_carea ocr_par ocr_line ocrx_word'/>
</head>
<body>
  <div class='ocr_page' id='page_1' title='image "./carminacumlectio01pinduoft_0349.png"; bbox 0 0 1877 3137; ppageno 0'>
   <div class='ocr_carea' id='block_1_1' title="bbox 699 529 1081 580">
    <p class='ocr_par' dir='ltr' id='par_1_1' title="bbox 699 529 1081 580">
     <span class='ocr_line' id='line_1_1' title="bbox 699 529 1081 580; baseline -0.008 0"><span class='ocrx_word' id='word_1_1' title='bbox 699 529 1081 580; x_wconf 80' lang='grc' dir='ltr'><strong>ΠΥΘΙΑ.</strong></span> 
     </span>
    </p>
   </div>
   <div class='ocr_carea' id='block_1_2' title="bbox 762 727 979 765">
    <p class='ocr_par' dir='ltr' id='par_1_2' title="bbox 762 727 979 765">
     <span class='ocr_line' id='line_1_2' title="bbox 762 727 979 765; baseline -0.005 -1"><span class='ocrx_word' id='word_1_2' title='bbox 762 732 909 765; x_wconf 85' lang='grc' dir='ltr'><strong>ΕΙΔΟΣ</strong></span> <span class='ocrx_word' id='word_1_3' title='bbox 934 727 979 763; x_wconf 68' lang='lat'>3&#39;-</span> 
     </span>
    </p>
   </div>
   <div class='ocr_carea' id='block_1_3' title="bbox 161 887 1600 981">
    <p class='ocr_par' dir='ltr' id='par_1_3' title="bbox 161 887 1600 981">
     <span class='ocr_line' id='line_1_3' title="bbox 161 887 1600 981; baseline -0.005 -6"><span class='ocrx_word' id='word_1_4' title='bbox 161 887 981 981; x_wconf 78' lang='grc' dir='ltr'><strong>ΤΕΛΕΣΙΚΡΑΤΕΙ</strong></span> <span class='ocrx_word' id='word_1_5' title='bbox 1031 904 1600 971; x_wconf 71' lang='grc' dir='ltr'>ΚΥΡΗΝΑΙῼ,</span> 
     </span>
    </p>
   </div>
   <div class='ocr_carea' id='block_1_4' title="bbox 599 1149 1157 1190">
    <p class='ocr_par' dir='ltr' id='par_1_4' title="bbox 599 1149 1157 1190">
     <span class='ocr_line' id='line_1_4' title="bbox 599 1149 1157 1190; baseline -0.005 0"><span class='ocrx_word' id='word_1_6' title='bbox 599 1149 1157 1190; x_wconf 74' lang='grc' dir='ltr'><strong>ΟΠΛΙΤΟΔΡΟΜῼ.</strong></span> 
     </span>
    </p>
   </div>
   <div class='ocr_carea' id='block_1_5' title="bbox 646 1445 1104 1488">
    <p class='ocr_par' dir='ltr' id='par_1_5' title="bbox 646 1445 1104 1488">
     <span class='ocr_line' id='line_1_5' title="bbox 646 1445 1104 1488; baseline 0 -2"><span class='ocrx_word' id='word_1_7' title='bbox 646 1445 1104 1488; x_wconf 86' lang='lat' dir='ltr'><strong>ARGUMENTUM.</strong></span> 
     </span>
    </p>
   </div>
   <div class='ocr_carea' id='block_1_6' title="bbox 160 1546 1603 2181">
    <p class='ocr_par' dir='ltr' id='par_1_6' title="bbox 160 1546 1603 2181">
     <span class='ocr_line' id='line_1_6' title="bbox 161 1546 1599 1606; baseline -0.005 -14"><span class='ocrx_word' id='word_1_8' title='bbox 161 1550 343 1592; x_wconf 55' lang='lat' dir='ltr'>Limnes</span> <span class='ocrx_word' id='word_1_9' title='bbox 364 1549 528 1591; x_wconf 85' lang='lat' dir='ltr'>victoris</span> <span class='ocrx_word' id='word_1_10' title='bbox 549 1564 714 1592; x_wconf 87' lang='lat' dir='ltr'>exorsus</span> <span class='ocrx_word' id='word_1_11' title='bbox 731 1550 781 1592; x_wconf 87' lang='lat' dir='ltr'>ad</span> <span class='ocrx_word' id='word_1_12' title='bbox 799 1550 986 1606; x_wconf 89' lang='lat' dir='ltr'>Cyrenen</span> <span class='ocrx_word' id='word_1_13' title='bbox 1003 1547 1196 1599; x_wconf 86' lang='lat' dir='ltr'>deflectit,</span> <span class='ocrx_word' id='word_1_14' title='bbox 1217 1546 1467 1602; x_wconf 86' lang='lat' dir='ltr'>exponitque</span> <span class='ocrx_word' id='word_1_15' title='bbox 1482 1558 1599 1586; x_wconf 82' lang='lat' dir='ltr'>amo-</span> 
     </span>
     <span class='ocr_line' id='line_1_7' title="bbox 161 1603 1598 1663; baseline -0.004 -15"><span class='ocrx_word' id='word_1_16' title='bbox 161 1621 223 1648; x_wconf 87' lang='lat' dir='ltr'>res</span> <span class='ocrx_word' id='word_1_17' title='bbox 246 1607 467 1663; x_wconf 85' lang='lat' dir='ltr'>Apollinis,</span> <span class='ocrx_word' id='word_1_18' title='bbox 487 1613 650 1662; x_wconf 85' lang='lat' dir='ltr'>raptum</span> <span class='ocrx_word' id='word_1_19' title='bbox 671 1608 900 1663; x_wconf 86' lang='lat' dir='ltr'>Nymphae,</span> <span class='ocrx_word' id='word_1_20' title='bbox 919 1606 1209 1648; x_wconf 82' lang='lat' dir='ltr'>deductionem</span> <span class='ocrx_word' id='word_1_21' title='bbox 1230 1604 1273 1645; x_wconf 89' lang='lat' dir='ltr'>in</span> <span class='ocrx_word' id='word_1_22' title='bbox 1295 1603 1485 1658; x_wconf 83' lang='lat' dir='ltr'>Libyam,</span> <span class='ocrx_word' id='word_1_23' title='bbox 1507 1616 1598 1643; x_wconf 90' lang='lat' dir='ltr'>sus-</span> 
     </span>
     <span class='ocr_line' id='line_1_8' title="bbox 163 1659 1601 1720; baseline -0.005 -15"><span class='ocrx_word' id='word_1_24' title='bbox 163 1672 413 1720; x_wconf 88' lang='lat' dir='ltr'>ceptumque</span> <span class='ocrx_word' id='word_1_25' title='bbox 434 1679 485 1705; x_wconf 90' lang='lat' dir='ltr'>ex</span> <span class='ocrx_word' id='word_1_26' title='bbox 506 1679 554 1706; x_wconf 86' lang='lat' dir='ltr'>ea</span> <span class='ocrx_word' id='word_1_27' title='bbox 572 1665 973 1707; x_wconf 82' lang='lat' dir='ltr'>Aristaeum.—l25.</span> <span class='ocrx_word' id='word_1_28' title='bbox 1003 1663 1128 1705; x_wconf 82' lang='lat' dir='ltr'>Redit</span> <span class='ocrx_word' id='word_1_29' title='bbox 1149 1662 1200 1703; x_wconf 90' lang='lat' dir='ltr'>ad</span> <span class='ocrx_word' id='word_1_30' title='bbox 1239 1660 1405 1703; x_wconf 89' lang='lat' dir='ltr'>victoris</span> <span class='ocrx_word' id='word_1_31' title='bbox 1445 1659 1601 1709; x_wconf 88' lang='lat' dir='ltr'>laudes,</span> 
     </span>
     <span class='ocr_line' id='line_1_9' title="bbox 162 1719 1601 1777; baseline -0.004 -15"><span class='ocrx_word' id='word_1_32' title='bbox 162 1737 341 1777; x_wconf 89' lang='lat' dir='ltr'>cumque</span> <span class='ocrx_word' id='word_1_33' title='bbox 361 1721 549 1773; x_wconf 80' lang='lat' dir='ltr'>dixisset,</span> <span class='ocrx_word' id='word_1_34' title='bbox 584 1723 685 1763; x_wconf 89' lang='lat' dir='ltr'>velle</span> <span class='ocrx_word' id='word_1_35' title='bbox 705 1738 748 1765; x_wconf 89' lang='lat' dir='ltr'>se</span> <span class='ocrx_word' id='word_1_36' title='bbox 769 1723 903 1764; x_wconf 89' lang='lat' dir='ltr'>multa</span> <span class='ocrx_word' id='word_1_37' title='bbox 922 1721 1064 1776; x_wconf 85' lang='lat' dir='ltr'>paucis</span> <span class='ocrx_word' id='word_1_38' title='bbox 1085 1719 1320 1774; x_wconf 89' lang='lat' dir='ltr'>complecti,</span> <span class='ocrx_word' id='word_1_39' title='bbox 1349 1722 1471 1772; x_wconf 86' lang='lat' dir='ltr'>prout</span> <span class='ocrx_word' id='word_1_40' title='bbox 1493 1723 1601 1757; x_wconf 87' lang='lat' dir='ltr'>tem-</span> 
     </span>
     <span class='ocr_line' id='line_1_10' title="bbox 161 1773 1600 1835; baseline -0.005 -15"><span class='ocrx_word' id='word_1_41' title='bbox 161 1793 236 1834; x_wconf 89' lang='lat' dir='ltr'>pus</span> <span class='ocrx_word' id='word_1_42' title='bbox 257 1780 437 1834; x_wconf 86' lang='lat' dir='ltr'>postulet</span> <span class='ocrx_word' id='word_1_43' title='bbox 455 1793 466 1819; x_wconf 87' lang='lat'>:</span> <span class='ocrx_word' id='word_1_44' title='bbox 497 1779 642 1821; x_wconf 87' lang='lat' dir='ltr'>incidit</span> <span class='ocrx_word' id='word_1_45' title='bbox 661 1780 704 1821; x_wconf 91' lang='lat' dir='ltr'>in</span> <span class='ocrx_word' id='word_1_46' title='bbox 726 1781 964 1835; x_wconf 88' lang='lat' dir='ltr'>exemplum</span> <span class='ocrx_word' id='word_1_47' title='bbox 987 1777 1103 1830; x_wconf 84' lang='lat' dir='ltr'>Iolai,</span> <span class='ocrx_word' id='word_1_48' title='bbox 1125 1777 1209 1833; x_wconf 82' lang='lat' dir='ltr'>qui,</span> <span class='ocrx_word' id='word_1_49' title='bbox 1229 1775 1472 1818; x_wconf 87' lang='lat' dir='ltr'>reviviscens</span> <span class='ocrx_word' id='word_1_50' title='bbox 1492 1773 1600 1813; x_wconf 92' lang='lat' dir='ltr'>dun-</span> 
     </span>
     <span class='ocr_line' id='line_1_11' title="bbox 162 1829 1600 1889; baseline -0.006 -13"><span class='ocrx_word' id='word_1_51' title='bbox 162 1842 275 1876; x_wconf 84' lang='lat' dir='ltr'>taxat</span> <span class='ocrx_word' id='word_1_52' title='bbox 305 1851 438 1878; x_wconf 90' lang='lat' dir='ltr'>unum</span> <span class='ocrx_word' id='word_1_53' title='bbox 469 1837 513 1878; x_wconf 89' lang='lat' dir='ltr'>in</span> <span class='ocrx_word' id='word_1_54' title='bbox 543 1837 667 1889; x_wconf 87' lang='lat' dir='ltr'>diem,</span> <span class='ocrx_word' id='word_1_55' title='bbox 699 1852 747 1878; x_wconf 89' lang='lat' dir='ltr'>eo</span> <span class='ocrx_word' id='word_1_56' title='bbox 777 1852 862 1878; x_wconf 91' lang='lat' dir='ltr'>uno</span> <span class='ocrx_word' id='word_1_57' title='bbox 895 1837 960 1878; x_wconf 88' lang='lat' dir='ltr'>die</span> <span class='ocrx_word' id='word_1_58' title='bbox 991 1835 1134 1877; x_wconf 85' lang='lat' dir='ltr'>dextre</span> <span class='ocrx_word' id='word_1_59' title='bbox 1162 1848 1259 1875; x_wconf 91' lang='lat' dir='ltr'>usus</span> <span class='ocrx_word' id='word_1_60' title='bbox 1291 1837 1352 1873; x_wconf 89' lang='lat' dir='ltr'>est</span> <span class='ocrx_word' id='word_1_61' title='bbox 1383 1830 1434 1870; x_wconf 86' lang='lat' dir='ltr'>ad</span> <span class='ocrx_word' id='word_1_62' title='bbox 1463 1829 1600 1883; x_wconf 89' lang='lat' dir='ltr'>Eury-</span> 
     </span>
     <span class='ocr_line' id='line_1_12' title="bbox 160 1887 1602 1949; baseline -0.006 -16"><span class='ocrx_word' id='word_1_63' title='bbox 160 1893 327 1934; x_wconf 89' lang='lat' dir='ltr'>stheum</span> <span class='ocrx_word' id='word_1_64' title='bbox 341 1908 481 1948; x_wconf 85' lang='lat' dir='ltr'>pugna</span> <span class='ocrx_word' id='word_1_65' title='bbox 494 1894 771 1949; x_wconf 86' lang='lat' dir='ltr'>superandum</span> <span class='ocrx_word' id='word_1_66' title='bbox 784 1900 825 1941; x_wconf 71' lang='lat' dir='ltr'>et</span> <span class='ocrx_word' id='word_1_67' title='bbox 837 1893 1072 1935; x_wconf 86' lang='lat' dir='ltr'>necandum</span> <span class='ocrx_word' id='word_1_68' title='bbox 1087 1895 1264 1945; x_wconf 80' lang='lat'>3—144.</span> <span class='ocrx_word' id='word_1_69' title='bbox 1282 1887 1405 1931; x_wconf 82' lang='lat' dir='ltr'>simul</span> <span class='ocrx_word' id='word_1_70' title='bbox 1416 1891 1602 1938; x_wconf 84' lang='lat' dir='ltr'>excusat,</span> 
     </span>
     <span class='ocr_line' id='line_1_13' title="bbox 160 1943 1602 2007; baseline -0.005 -17"><span class='ocrx_word' id='word_1_71' title='bbox 160 1950 272 2003; x_wconf 90' lang='lat' dir='ltr'>quod</span> <span class='ocrx_word' id='word_1_72' title='bbox 293 1951 337 1991; x_wconf 89' lang='lat' dir='ltr'>in</span> <span class='ocrx_word' id='word_1_73' title='bbox 359 1951 554 1993; x_wconf 86' lang='lat' dir='ltr'>Herculis</span> <span class='ocrx_word' id='word_1_74' title='bbox 574 1953 714 1993; x_wconf 86' lang='lat' dir='ltr'>laudes</span> <span class='ocrx_word' id='word_1_75' title='bbox 736 1951 888 2007; x_wconf 90' lang='lat' dir='ltr'>ubique</span> <span class='ocrx_word' id='word_1_76' title='bbox 909 1951 1103 1993; x_wconf 84' lang='lat' dir='ltr'>excurrit.</span> <span class='ocrx_word' id='word_1_77' title='bbox 1162 1948 1218 1989; x_wconf 90' lang='lat' dir='ltr'>At</span> <span class='ocrx_word' id='word_1_78' title='bbox 1240 1961 1279 1989; x_wconf 83' lang='lat' dir='ltr'>V.</span> <span class='ocrx_word' id='word_1_79' title='bbox 1308 1949 1403 1988; x_wconf 81' lang='lat'>158.</span> <span class='ocrx_word' id='word_1_80' title='bbox 1424 1943 1529 1986; x_wconf 88' lang='lat' dir='ltr'>redit</span> <span class='ocrx_word' id='word_1_81' title='bbox 1549 1943 1602 1984; x_wconf 87' lang='lat' dir='ltr'>ad</span> 
     </span>
     <span class='ocr_line' id='line_1_14' title="bbox 160 1999 1603 2063; baseline -0.004 -17"><span class='ocrx_word' id='word_1_82' title='bbox 160 2006 354 2049; x_wconf 87' lang='lat' dir='ltr'>victorem</span> <span class='ocrx_word' id='word_1_83' title='bbox 376 2007 548 2063; x_wconf 89' lang='lat' dir='ltr'>ejusque</span> <span class='ocrx_word' id='word_1_84' title='bbox 568 2010 708 2051; x_wconf 85' lang='lat' dir='ltr'>laudes</span> <span class='ocrx_word' id='word_1_85' title='bbox 730 2015 957 2060; x_wconf 85' lang='lat' dir='ltr'>memorat3</span> <span class='ocrx_word' id='word_1_86' title='bbox 979 2013 1021 2048; x_wconf 88' lang='lat' dir='ltr'>et</span> <span class='ocrx_word' id='word_1_87' title='bbox 1041 2021 1065 2047; x_wconf 89' lang='lat' dir='ltr'>a</span> <span class='ocrx_word' id='word_1_88' title='bbox 1084 2021 1124 2048; x_wconf 80' lang='lat' dir='ltr'>v-</span> <span class='ocrx_word' id='word_1_89' title='bbox 1150 2007 1244 2054; x_wconf 88' lang='grc'><strong>179.</strong></span> <span class='ocrx_word' id='word_1_90' title='bbox 1266 2004 1317 2045; x_wconf 89' lang='lat' dir='ltr'>ad</span> <span class='ocrx_word' id='word_1_91' title='bbox 1337 2005 1368 2044; x_wconf 89' lang='lat' dir='ltr'>f.</span> <span class='ocrx_word' id='word_1_92' title='bbox 1389 1999 1603 2056; x_wconf 84' lang='lat' dir='ltr'>subjungit</span> 
     </span>
     <span class='ocr_line' id='line_1_15' title="bbox 161 2057 1602 2120; baseline -0.003 -17"><span class='ocrx_word' id='word_1_93' title='bbox 161 2066 307 2106; x_wconf 84' lang='lat' dir='ltr'>veteris</span> <span class='ocrx_word' id='word_1_94' title='bbox 340 2067 572 2108; x_wconf 85' lang='lat' dir='ltr'>certaminis</span> <span class='ocrx_word' id='word_1_95' title='bbox 606 2068 862 2119; x_wconf 83' lang='lat' dir='ltr'>memoriam,</span> <span class='ocrx_word' id='word_1_96' title='bbox 907 2080 989 2120; x_wconf 91' lang='lat' dir='ltr'>quo</span> <span class='ocrx_word' id='word_1_97' title='bbox 1022 2077 1129 2106; x_wconf 90' lang='lat' dir='ltr'>unus</span> <span class='ocrx_word' id='word_1_98' title='bbox 1160 2077 1184 2104; x_wconf 88' lang='lat' dir='ltr'>e</span> <span class='ocrx_word' id='word_1_99' title='bbox 1216 2060 1438 2117; x_wconf 85' lang='lat' dir='ltr'>majoribus</span> <span class='ocrx_word' id='word_1_100' title='bbox 1475 2057 1602 2113; x_wconf 88' lang='lat' dir='ltr'>Cyre-</span> 
     </span>
     <span class='ocr_line' id='line_1_16' title="bbox 162 2119 1517 2181; baseline -0.002 -19"><span class='ocrx_word' id='word_1_101' title='bbox 162 2134 373 2175; x_wconf 84' lang='lat' dir='ltr'>naeorum,</span> <span class='ocrx_word' id='word_1_102' title='bbox 393 2123 672 2178; x_wconf 87' lang='lat' dir='ltr'>Alexidamas‚</span> <span class='ocrx_word' id='word_1_103' title='bbox 693 2125 872 2181; x_wconf 85' lang='lat' dir='ltr'>puellam</span> <span class='ocrx_word' id='word_1_104' title='bbox 894 2123 1096 2178; x_wconf 85' lang='lat' dir='ltr'>Libycam</span> <span class='ocrx_word' id='word_1_105' title='bbox 1117 2119 1287 2163; x_wconf 84' lang='lat' dir='ltr'>abduxit</span> <span class='ocrx_word' id='word_1_106' title='bbox 1308 2130 1517 2175; x_wconf 73' lang='lat' dir='ltr'>sponsam·</span> 
     </span>
    </p>
   </div>
   <div class='ocr_carea' id='block_1_7' title="bbox 704 2245 1026 2290">
    <p class='ocr_par' dir='ltr' id='par_1_7' title="bbox 704 2245 1026 2290">
     <span class='ocr_line' id='line_1_17' title="bbox 704 2245 1026 2290; baseline -0.006 0"><span class='ocrx_word' id='word_1_107' title='bbox 704 2247 757 2290; x_wconf 81' lang='grc' dir='ltr'>Σ.</span> <span class='ocrx_word' id='word_1_108' title='bbox 785 2245 825 2288; x_wconf 77' lang='grc' dir='ltr'>ά.</span> <span class='ocrx_word' id='word_1_109' title='bbox 886 2249 940 2288; x_wconf 86' lang='grc' dir='ltr'>Κ.</span> <span class='ocrx_word' id='word_1_110' title='bbox 973 2245 1026 2288; x_wconf 79' lang='grc' dir='ltr'>ιε’.</span> 
     </span>
    </p>
   </div>
   <div class='ocr_carea' id='block_1_8' title="bbox 384 2339 1318 2507">
    <p class='ocr_par' dir='ltr' id='par_1_8' title="bbox 384 2339 1318 2507">
     <span class='ocr_line' id='line_1_18' title="bbox 385 2339 1284 2421; baseline -0.004 -20"><span class='ocrx_word' id='word_1_111' title='bbox 385 2339 633 2403; x_wconf 81' lang='grc' dir='ltr'><strong>ΕΘΕΛΩ</strong></span> <span class='ocrx_word' id='word_1_112' title='bbox 658 2348 975 2421; x_wconf 72' lang='grc' dir='ltr'>χαλκάσπιδα</span> <span class='ocrx_word' id='word_1_113' title='bbox 999 2345 1284 2411; x_wconf 59' lang='grc' dir='ltr'><strong><em>Πυθιονίκαν</em></strong></span> 
     </span>
     <span class='ocr_line' id='line_1_19' title="bbox 384 2429 1318 2507; baseline -0.01 -20"><span class='ocrx_word' id='word_1_114' title='bbox 384 2432 472 2487; x_wconf 75' lang='grc' dir='ltr'>Σὺν</span> <span class='ocrx_word' id='word_1_115' title='bbox 499 2433 828 2507; x_wconf 60' lang='grc' dir='ltr'>βαθρζῶνοισιν</span> <span class='ocrx_word' id='word_1_116' title='bbox 856 2429 1102 2498; x_wconf 72' lang='grc' dir='ltr'>ἀγγέλλων</span> <span class='ocrx_word' id='word_1_117' title='bbox 1129 2433 1318 2481; x_wconf 81' lang='grc' dir='ltr'>Τελεσι-</span> 
     </span>
    </p>
   </div>
   <div class='ocr_carea' id='block_1_9' title="bbox 163 2541 1603 2650">
    <p class='ocr_par' dir='ltr' id='par_1_9' title="bbox 163 2541 1603 2650">
     <span class='ocr_line' id='line_1_20' title="bbox 205 2541 1603 2597; baseline -0.006 -12"><span class='ocrx_word' id='word_1_118' title='bbox 205 2555 279 2586; x_wconf 79' lang='lat' dir='ltr'>Post</span> <span class='ocrx_word' id='word_1_119' title='bbox 293 2553 494 2597; x_wconf 58' lang='grc' dir='ltr'>ὅτλιτοδρὸμφ</span> <span class='ocrx_word' id='word_1_120' title='bbox 509 2554 604 2586; x_wconf 83' lang='lat' dir='ltr'>etiam</span> <span class='ocrx_word' id='word_1_121' title='bbox 620 2554 672 2585; x_wconf 78' lang='lat' dir='ltr'>hic</span> <span class='ocrx_word' id='word_1_122' title='bbox 687 2552 790 2586; x_wconf 87' lang='lat' dir='ltr'>Oxou.</span> <span class='ocrx_word' id='word_1_123' title='bbox 806 2553 856 2586; x_wconf 86' lang='lat' dir='ltr'>ed.</span> <span class='ocrx_word' id='word_1_124' title='bbox 881 2562 979 2594; x_wconf 76' lang='lat' dir='ltr'>prave</span> <span class='ocrx_word' id='word_1_125' title='bbox 995 2551 1188 2592; x_wconf 79' lang='lat' dir='ltr'>adscriptum</span> <span class='ocrx_word' id='word_1_126' title='bbox 1204 2548 1301 2579; x_wconf 85' lang='lat' dir='ltr'>habet</span> <span class='ocrx_word' id='word_1_127' title='bbox 1322 2543 1449 2587; x_wconf 69' lang='grc' dir='ltr'>ἅρματι.</span> <span class='ocrx_word' id='word_1_128' title='bbox 1467 2541 1603 2573; x_wconf 58' lang='lat' dir='ltr'>{ranz-</span> 
     </span>
     <span class='ocr_line' id='line_1_21' title="bbox 163 2596 1600 2650; baseline -0.008 -14"><span class='ocrx_word' id='word_1_129' title='bbox 163 2604 274 2648; x_wconf 56' lang='grc' dir='ltr'>δείμας,</span> <span class='ocrx_word' id='word_1_130' title='bbox 295 2607 344 2638; x_wconf 89' lang='lat' dir='ltr'>vel</span> <span class='ocrx_word' id='word_1_131' title='bbox 365 2605 463 2650; x_wconf 64' lang='grc' dir='ltr'><strong><em>δςόμος</em></strong></span> <span class='ocrx_word' id='word_1_132' title='bbox 485 2605 536 2638; x_wconf 69' lang='grc' dir='ltr'>σὺν</span> <span class='ocrx_word' id='word_1_133' title='bbox 557 2604 662 2638; x_wconf 60' lang='grc' dir='ltr'>ἀσπίδι</span> <span class='ocrx_word' id='word_1_134' title='bbox 683 2610 861 2637; x_wconf 77' lang='lat' dir='ltr'>accesserat</span> <span class='ocrx_word' id='word_1_135' title='bbox 883 2604 1041 2646; x_wconf 85' lang='lat' dir='ltr'>Olympiis</span> <span class='ocrx_word' id='word_1_136' title='bbox 1065 2602 1118 2635; x_wconf 84' lang='lat'>01.</span> <span class='ocrx_word' id='word_1_137' title='bbox 1140 2602 1204 2632; x_wconf 86' lang='lat' dir='ltr'>lxv.</span> <span class='ocrx_word' id='word_1_138' title='bbox 1222 2612 1254 2631; x_wconf 87' lang='lat' dir='ltr'>v.</span> <span class='ocrx_word' id='word_1_139' title='bbox 1275 2599 1412 2629; x_wconf 81' lang='lat' dir='ltr'>Pausan.</span> <span class='ocrx_word' id='word_1_140' title='bbox 1426 2607 1457 2626; x_wconf 85' lang='lat' dir='ltr'>v.</span> <span class='ocrx_word' id='word_1_141' title='bbox 1473 2596 1505 2626; x_wconf 89' lang='lat'>9.</span> <span class='ocrx_word' id='word_1_142' title='bbox 1521 2604 1600 2636; x_wconf 83' lang='lat' dir='ltr'>pag.</span> 
     </span>
    </p>
   </div>
   <div class='ocr_carea' id='block_1_10' title="bbox 168 2703 1601 2805">
    <p class='ocr_par' dir='ltr' id='par_1_10' title="bbox 168 2703 1601 2805">
     <span class='ocr_line' id='line_1_22' title="bbox 209 2703 1601 2757; baseline -0.006 -13"><span class='ocrx_word' id='word_1_143' title='bbox 209 2714 343 2757; x_wconf 73' lang='lat' dir='ltr'>Carmen</span> <span class='ocrx_word' id='word_1_144' title='bbox 358 2714 429 2750; x_wconf 84' lang='lat' dir='ltr'>hoc,</span> <span class='ocrx_word' id='word_1_145' title='bbox 453 2720 488 2746; x_wconf 88' lang='lat' dir='ltr'>ut</span> <span class='ocrx_word' id='word_1_146' title='bbox 511 2720 560 2745; x_wconf 77' lang='lat' dir='ltr'>est</span> <span class='ocrx_word' id='word_1_147' title='bbox 581 2725 620 2745; x_wconf 88' lang='lat' dir='ltr'>ex</span> <span class='ocrx_word' id='word_1_148' title='bbox 635 2713 851 2754; x_wconf 77' lang='lat' dir='ltr'>ornatissimis,</span> <span class='ocrx_word' id='word_1_149' title='bbox 907 2717 956 2742; x_wconf 81' lang='lat' dir='ltr'>ter</span> <span class='ocrx_word' id='word_1_150' title='bbox 982 2712 1086 2743; x_wconf 86' lang='lat' dir='ltr'>fluens</span> <span class='ocrx_word' id='word_1_151' title='bbox 1114 2720 1153 2741; x_wconf 86' lang='lat' dir='ltr'>ac</span> <span class='ocrx_word' id='word_1_152' title='bbox 1175 2708 1341 2741; x_wconf 85' lang='lat' dir='ltr'>verborum</span> <span class='ocrx_word' id='word_1_153' title='bbox 1371 2706 1523 2748; x_wconf 79' lang='lat' dir='ltr'>junctura</span> <span class='ocrx_word' id='word_1_154' title='bbox 1553 2703 1601 2735; x_wconf 75' lang='lat' dir='ltr'>fa-</span> 
     </span>
     <span class='ocr_line' id='line_1_23' title="bbox 168 2760 973 2805; baseline -0.001 -11"><span class='ocrx_word' id='word_1_155' title='bbox 168 2764 211 2794; x_wconf 79' lang='lat' dir='ltr'>ita</span> <span class='ocrx_word' id='word_1_156' title='bbox 236 2764 369 2795; x_wconf 84' lang='lat' dir='ltr'>maxime</span> <span class='ocrx_word' id='word_1_157' title='bbox 400 2769 447 2795; x_wconf 84' lang='lat' dir='ltr'>est</span> <span class='ocrx_word' id='word_1_158' title='bbox 470 2764 576 2805; x_wconf 86' lang='lat' dir='ltr'>molle,</span> <span class='ocrx_word' id='word_1_159' title='bbox 606 2763 745 2795; x_wconf 80' lang='lat' dir='ltr'>numeris</span> <span class='ocrx_word' id='word_1_160' title='bbox 771 2762 852 2793; x_wconf 87' lang='lat' dir='ltr'>leni·</span> <span class='ocrx_word' id='word_1_161' title='bbox 907 2760 973 2793; x_wconf 86' lang='lat' dir='ltr'>cili.</span> 
     </span>
    </p>
   </div>
  </div>
 </body>
</html>
