1877 3137
271 148 324 183 96

825 302 875 338 E.
907 298 960 349 β’.

825 147 1165 191 OLYMPIA

1026 304 1079 342 K.
1113 301 1137 342 ι’.

391 396 444 433 75
484 380 726 452 Νεωτέξων.
774 383 966 448 Λέγοντι
993 386 1088 454 μιαν

482 463 646 516 XSAuoe
671 465 752 534 μὲν
779 467 1079 519 κατακλύσαι
1105 467 1330 537 μέλαιναν

475 543 681 604 ἸΤόατος
709 549 880 606 σθένος·
924 551 1061 600 ἀλλα
1090 548 1219 609 Ζηνὸς

478 626 676 697 Τέχναις
704 630 922 682 ανάπωσιν
950 632 1162 697 ἐξαίφνας

471 707 668 762 ”Αντλον
696 711 822 762 ἑλεῖν.
865 714 1004 764 κείνων
1032 714 1068 766 δ’
1098 712 1232 766 ἕσσαν

253 878 306 907 75.
329 873 380 913 μὶν
392 874 485 908 Bodl.
502 889 532 907 a.

619 880 672 908 78.
695 878 836 917 ἄμπωτιν
858 879 932 910 Ald.
947 887 980 911 et
993 881 1066 912 hinc
1080 881 1113 911 in
1128 892 1227 922 marg.
1247 881 1341 914 Rom.
1355 883 1428 914 item
1439 884 1548 916 Schol.
1579 886 1700 917 chira-

253 939 297 956 τιν
314 927 448 967 August.
464 927 613 958 ἀνᾶτωσιν
627 929 698 961 Pal.
715 931 756 961 A.
772 931 810 960 Β.
835 931 972 969 &armon
988 933 1041 971 qui
1058 932 1177 974 legant,
1194 939 1272 962 teste
1289 934 1464 974 Schmidin,
1480 946 1540 965 uon
1556 937 1695 970 invenio.

251 976 380 1018 ἓξαίφνης
397 979 489 1010 codd.
503 979 597 1010 Bodl.

251 1137 325 1167 uino
353 1137 523 1168 Locrenses
549 1139 648 1179 mythi
679 1150 739 1169 nou
764 1140 897 1171 inultum
922 1150 941 1170 a

247 1186 349 1227 poetis
381 1189 509 1218 tractati
540 1199 607 1219 esse
639 1190 801 1221 videntur.
859 1191 938 1220 Tum

246 1238 375 1268 75-79
392 1238 527 1268 narratio
544 1245 603 1279 est,
618 1249 718 1279 aquas
736 1241 878 1270 obruisse
890 1251 940 1270 so-

251 1286 338 1327 lum3
366 1298 437 1318 mox
461 1298 513 1318 eas
537 1289 701 1319 refluxisse
725 1290 835 1320 iterum
851 1290 940 1320 Jovis

245 1346 352 1376 opera,
370 1338 507 1368 numine.
553 1338 590 1367 In
613 1341 664 1369 78.
683 1350 727 1379 sq.
743 1345 819 1380 puta
835 1339 940 1378 subje-

244 1390 328 1415 etum
347 1397 414 1416 esse
431 1386 477 1416 ‘niv
491 1387 610 1427 ἄντλον,
628 1387 662 1417 τὶ
676 1389 801 1422 πλῆθος
819 1387 937 1423 ὕδατος.

243 1434 298 1465 has
316 1446 413 1475 aquas
428 1437 471 1466 ait
487 1437 559 1467 ἑλεῖν
575 1438 725 1478 ἄμπωτιν,
740 1439 894 1480 refluxisse·

286 1486 341 1516 ¹79.
364 1485 460 1516 κείνων
490 1484 515 1515 δ’
544 1485 633 1517 ἔσσαν
663 1493 723 1520 etc.
770 1488 940 1519 Videamus

241 1534 355 1575 primo,
373 1536 446 1575 quid
463 1536 560 1566 verba
576 1547 632 1578 per
649 1548 694 1576 se,
712 1544 742 1567 et
757 1538 865 1568 ordine
879 1549 936 1569 suo

240 1585 423 1620 constituta,
441 1593 630 1627 suggerant.
679 1588 727 1618 De
744 1588 935 1628 Opuntiorum

237 1636 389 1673 majoribus
410 1637 533 1676 agitur.
568 1637 727 1668 Dicuntur
741 1638 838 1668 fuisse
851 1638 934 1669 Deu-

236 1684 330 1715 calion
349 1690 380 1714 et
399 1685 527 1726 Pyrrha,
543 1692 597 1716 aut
608 1686 679 1727 ipsi,
692 1692 746 1716 aut
760 1687 844 1717 exiis
855 1689 933 1718 nati.

235 1733 279 1763 At
291 1734 384 1763 iidem
397 1741 469 1764 sunt
485 1735 626 1777 α’ξχὶθεν
638 1735 727 1778 ιοῧςιι
739 1736 856 1775 φύτλας
872 1737 929 1767 'Ioe-

236 1780 492 1825 aewaorffioe,xoqo'=”r
501 1796 532 1815 τε
545 1785 696 1827 φερτάτων
709 1783 850 1827 Κρυιδὶἷν.
875 1787 932 1816 ori-

231 1832 304 1873 gine
319 1838 400 1863 tenus
420 1837 571 1875 progenies
586 1836 682 1875 stirpis
699 1834 792 1875 Iapeti
806 1835 930 1875 etfilia·

234 1891 301 1910 rum
310 1884 467 1920 primorum
476 1885 680 1916 Cronidarum.
698 1885 755 1914 Hic
767 1885 930 1917 haeremus.

234 1929 411 1962 Deucalion
427 1939 458 1962 et
476 1934 597 1973 Pyrrha
614 1945 705 1964 avum
721 1935 860 1965 habuere
876 1935 926 1965 Ia-

234 1984 342 2018 petum
361 1986 391 2010 et
408 1982 514 2013 Asiam
531 1996 537 2013 :
564 1983 597 2013 hi
621 1984 743 2015 duxere
761 1991 862 2015 ortum
887 1987 926 2016 ab

232 2027 371 2066 OceanO,
383 2036 413 2060 et
425 2032 513 2062 fuere
527 2032 610 2063 inter
620 2033 758 2065 Titanes.
776 2035 819 2064 At
830 2035 925 2076 enim,

233 2080 389 2118 quomodo
413 2081 548 2120 majores
566 2082 610 2112 illi
628 2083 721 2113 simul
734 2094 801 2114 esse
816 2090 921 2124 potue-

231 2128 295 2159 rint
311 2129 405 2171 κοῦροι
420 2132 504 2173 ιοξᾶν
519 2131 672 2173 pree-dnn
697 2132 839 2176 Κρονιδέν,
866 2137 926 2166 nati

228 2188 244 2209 e
260 2178 379 2220 filicibus
398 2182 558 2219 primorum
583 2182 788 2224 Cwnidarum,
811 2185 922 2215 obscu-

231 2237 298 2258 rum
315 2235 372 2260 est.
415 2230 572 2261 Primores
582 2231 731 2264 Cronidae
742 2240 817 2264 sunt
829 2235 920 2275 Jupi-

228 2282 289 2318 ter,
318 2278 502 2320 Neptunus,
525 2281 628 2311 Pluto.
674 2282 724 2312 Ex
750 2283 788 2313 iis
815 2284 922 2324 itaque

229 2328 302 2358 filiae
332 2336 413 2360 natae
442 2340 510 2360 esse
539 2331 689 2371 debuere,
713 2343 782 2372 quae
806 2340 920 2364 matres

228 2383 318 2407 eraut
331 2377 421 2409 factae
438 2379 593 2419 majorum
611 2381 823 2412 Locrensium.
860 2384 920 2415 At·

227 2428 282 2466 qui
306 2427 363 2458 has
388 2429 584 2470 ignoramus
627 2429 688 2461 His
710 2438 814 2464 tamen
840 2443 917 2473 quo·

227 2476 320 2507 modo
349 2479 472 2510 occurri
507 2480 615 2521 possit,
646 2480 737 2511 video
752 2493 761 2514 2
795 2483 918 2523 poetice

225 2526 358 2565 pluralis
379 2539 436 2569 pro
460 2529 615 2571 singulari
643 2531 718 2570 poni
739 2531 831 2572 solet,
851 2532 915 2563 dic-

225 2578 356 2616 tumque
372 2579 452 2609 adeo
466 2581 609 2612 estnihil
625 2581 726 2621 aliud,
741 2591 833 2622 quam
851 2592 915 2613 ma-

220 2622 308 2662 jores
322 2626 452 2660 duxisse
468 2631 508 2661 ab
521 2630 622 2672 Iapeti
634 2631 744 2672 stirpe,
756 2637 787 2662 et
802 2631 841 2661 ab
854 2641 916 2662 una

225 2671 289 2703 filia
312 2675 399 2707 Jovis
423 2678 577 2711 Saturnii.
621 2680 720 2722 Atqui
749 2681 915 2722 ignoratur

223 2721 317 2754 etiam
336 2724 414 2758 haec.
451 2729 531 2761 Tum
551 2741 622 2762 vero
640 2742 721 2762 nova
738 2737 768 2762 et
786 2732 913 2773 gravior

683 982 737 1013 ¹79.
760 981 859 1012 λαξεΐι
873 982 976 1012 Palat.
996 983 1033 1013 A.
1049 982 1087 1015 B.
1109 989 1140 1013 et
1153 983 1331 1023 Bodleiani‚
1347 984 1495 1015 Scholion
1513 986 1565 1017 ⁴ro?
1580 987 1663 1019 ἰλεΐι.

996 1139 1164 1172 difficultas
1179 1143 1283 1173 oritur
1299 1153 1316 1173 e
1333 1145 1483 1185 temporis
1508 1147 1671 1178 notatione
1682 1162 1691 1178 ι

996 1190 1116 1232 πρὶν-η
1140 1192 1217 1222 Nam
1236 1193 1368 1232 majores
1381 1194 1426 1224 illi
1443 1207 1470 1225 v.
1486 1197 1538 1227 79.
1553 1206 1572 1225 a
1596 1197 1684 1227 Deu-

995 1240 1118 1270 calione
1145 1247 1176 1271 et
1204 1241 1329 1281 Pyrrha
1357 1242 1431 1281 orti,
1458 1243 1598 1274 debuere
1623 1256 1690 1276 esse

995 1297 1061 1320 ante
1091 1289 1236 1321 Locrum:
1275 1291 1341 1332 :rein
1368 1301 1397 1319 v.
1428 1292 1480 1322 85.
1519 1293 1666 1334 Reponas
1680 1306 1690 1324 z

996 1338 1060 1381 argiv
1077 1339 1218 1370 absolute
1236 1340 1371 1380 positum
1393 1350 1473 1379 esse,
1488 1348 1580 1377 antea,
1608 1342 1693 1373 κατὰ

995 1388 1029 1418 τὶ
1045 1389 1120 1431 πρὶν,
1135 1400 1203 1425 seu,
1218 1396 1253 1419 ut
1271 1390 1387 1425 Schol,
1401 1389 1485 1420 κατὰ
1501 1390 1534 1420 τὲ
1549 1394 1688 1424 raanan.

994 1438 1047 1467 Sic
1062 1439 1128 1479 ipse
1151 1438 1323 1478 aliquando
1347 1439 1460 1470 tuebar
1484 1440 1599 1472 locum.
1643 1444 1687 1474 At

995 1488 1078 1518 euim
1097 1499 1206 1529 parum
1225 1488 1382 1529 proficias.
1428 1489 1506 1519 Nam
1523 1491 1623 1530 primo
1641 1493 1687 1522 ni-

994 1538 1051 1567 mis
1082 1537 1217 1578 abrupta
1249 1544 1332 1567 esset
1371 1539 1470 1568 oratio
1487 1540 1682 1574 ι-βασιλὶῐες

991 1585 1055 1616 αἰεί.
1103 1585 1176 1629 Πρὶν
1205 1586 1367 1625 Ὀλύμπιε
1397 1587 1679 1628 ἂνμὲν-μίχθη.

990 1635 1099 1666 Manet
1123 1647 1215 1677 porro
1239 1636 1340 1666 omnis
1365 1636 1485 1676 reliqua
1509 1637 1680 1670 difficultas

989 1686 1143 1723 infiliabus
1157 1696 1213 1716 sen
1229 1685 1424 1716 Cronidarum
1441 1696 1495 1716 seu
1519 1689 1605 1718 unius
1631 1687 1686 1718 Jo-

987 1737 1037 1766 vis.
1080 1735 1132 1765 Ad
1161 1735 1221 1765 hoc
1253 1734 1314 1773 πρὶν
1333 1741 1481 1774 tanquam
1507 1737 1546 1766 ad
1568 1748 1683 1778 scopu-

986 1785 1050 1814 lum
1069 1785 1207 1825 impacta
1223 1784 1322 1813 omnis
1335 1783 1432 1814 haeret
1450 1783 1681 1824 interpretatio.

985 1833 1066 1864 Nam
1083 1837 1159 1866 inter
1183 1834 1388 1865 Deucalionem
1416 1839 1443 1864 et
1463 1832 1591 1864 Locrum
1618 1845 1680 1865 non

984 1884 1037 1914 alii
1062 1885 1276 1915 intercessisse
1302 1882 1447 1913 feruntur
1473 1892 1566 1922 quam
1597 1882 1678 1924 Opus

984 1942 1011 1965 et
1025 1936 1159 1975 ejus-filia
1175 1945 1193 1964 a
1208 1935 1288 1964 Jove
1304 1932 1344 1963 ad
1362 1932 1493 1962 Locrum
1517 1933 1677 1965 adducta:

982 1985 1078 2014 addas
1108 1986 1182 2016 licet
1205 1995 1241 2015 ex
1268 1983 1370 2014 Schol.
1397 1982 1682 2022 Amphictyonem,

982 2035 1186 2065 Deucalionis
1210 2034 1249 2069 f„
1272 2033 1361 2063 Locri
1387 2038 1517 2072 patrem.
1563 2033 1678 2073 Itaque

982 2085 1012 2115 in
1030 2085 1196 2114 intervallo
1214 2085 1272 2114 isto
1287 2093 1350 2113 non
1366 2093 1435 2112 esse
1458 2089 1591 2123 potuere
1617 2082 1670 2121 ὅγ-

981 2135 1085 2177 χάρισι
1098 2135 1241 2170 βασιλῆες
1257 2133 1316 2165 ἀεί.
1363 2132 1468 2163 Multo
1491 2132 1596 2162 minus
1625 2142 1675 2162 as-

977 2186 1064 2225 sequi
1086 2185 1170 2224 ticet,
1188 2185 1315 2225 quinam
1340 2183 1458 2213 fuerint
1476 2182 1566 2224 κοῦροι
1589 2183 1677 2224 κορᾶν

975 2234 1131 2277 φερτάτων
1147 2232 1288 2277 Κμνιὸἒν,
1304 2243 1357 2265 seu
1374 2232 1512 2275 φιξφάτω
1527 2231 1673 2275 Κροηδᾶι,

975 2284 1052 2316 ἷκε.
1069 2283 1145 2320 Διὸς,
1160 2284 1318 2325 exfiliabus
1331 2282 1412 2314 Jovt's
1425 2284 1497 2313 nati.
1522 2292 1581 2316 nec
1598 2293 1672 2323 pro·

975 2334 1055 2373 dest,
1071 2334 1095 2363 si
1112 2333 1198 2375 κόρας
1219 2334 1355 2374 legeris:
1386 2343 1455 2362 nam
1474 2343 1514 2363 ne
1526 2343 1586 2370 una
1601 2332 1670 2373 qui·

976 2384 1045 2413 dem
1074 2383 1150 2414 Jovis
1172 2384 1242 2423 filia
1272 2384 1353 2413 iuter
1376 2382 1603 2413 Deucalionem
1638 2389 1669 2413 et

974 2432 1106 2462 Locrum
1146 2432 1243 2462 fuisse
1282 2436 1482 2462 memoratur.
1531 2431 1668 2472 Opuntis

972 2487 1076 2513 autem
1094 2481 1159 2511 filia
1173 2486 1205 2512 et
1219 2481 1318 2513 serior
1336 2486 1395 2517 est,
1410 2485 1442 2510 et
1455 2490 1493 2510 ex
1509 2479 1590 2511 Jove
1606 2481 1665 2511 Lo-

972 2541 1072 2571 crum,
1104 2540 1164 2559 non
1196 2530 1345 2570 puellam,
1376 2529 1665 2570 peperit.—Potest

971 2580 1190 2621 interpretatio
1217 2581 1261 2611 sic
1282 2579 1418 2619 institui,
1440 2584 1475 2609 ut
1493 2589 1524 2611 v.
1543 2581 1583 2610 81
1597 2582 1664 2612 -84

971 2638 1118 2671 tanquam
1134 2632 1166 2661 in
1180 2630 1273 2663 medio
1286 2630 1376 2670 posita
1392 2627 1607 2666 includantur,
1632 2636 1663 2660 et

970 2681 1034 2725 πρὶν
1060 2691 1090 2711 v.
1113 2679 1167 2713 85.
1193 2680 1348 2710 referatur
1374 2689 1435 2709 non
1463 2679 1504 2709 ad
1520 2679 1662 2715 βασιλῖὶις

968 2732 1024 2773 ἀεὶ,
1042 2740 1149 2762 verum
1167 2730 1206 2761 ad
1221 2727 1315 2761 atium
1329 2727 1352 2759 δ’
1368 2727 1455 2760 ἵησιν
1470 2728 1657 2769 χαλκάσπι-
