1877 3137
640 182 948 257 qARMEN
1000 183 1076 225 VI.

1502 187 1586 224 399

369 310 482 368 Παῖ,
507 306 554 359 σέ
579 308 614 359 τ’
644 306 837 373 ἐνόσφισε
859 306 1060 377 Τιμίδαν

753 389 765 408 Χ
833 387 855 408 2!

369 394 552 460 Κλᾶξος
580 412 792 460 πξοπετης
819 413 892 440 αν-

436 474 505 524 Se'
534 471 874 541 fOnvpovrzoibog.

951 470 1125 536 δελφῖνί
1147 493 1217 523 κεν

365 555 532 624 Τάχος
560 554 610 606 δι’
636 553 801 624 ἅλμας
824 553 912 605 ἴσον
935 552 1064 605 εἴποι-

242 651 260 685 l
272 651 289 686 1
298 651 324 685 O

441 719 582 790 0·χῦος
603 716 794 789 ἁνίοχον.

435 661 490 706 μι
515 636 769 697 Μελησίαν,
795 638 930 706 χεξῶν
958 658 1005 687 τε
1034 634 1114 687 καὶ
1138 637 1170 685 ἷ-

140 857 217 886 106.
240 855 314 892 Παῖ,
329 853 361 886 σί
387 857 415 885 ‘r'
430 855 545 887 diserte
562 856 652 887 Rom.
681 856 749 895 mr,
776 855 802 886 α’
826 853 870 885 ἴτ’
887 854 1004 894 Aldus,
1020 854 1105 885 unde
1120 855 1211 887 Crat.
1230 855 1331 887 Brub.
1349 854 1433 887 παῖδ’
1445 856 1501 891 ἴτ’,
1528 869 1577 889 re-

139 905 233 935 duxit
264 906 437 936 Romanam
462 907 628 937 lectionem
661 906 789 937 Morell.
821 906 933 946 steph.
979 905 1040 947 [At
1071 906 1227 946 quomodo
1260 912 1390 947 repente
1423 918 1506 939 nunc
1537 910 1576 940 de

137 955 281 986 Timida?
306 963 337 987 et
352 967 409 987 cur
432 967 600 993 eum‚cum
625 958 729 988 adhuc
745 967 823 998 puer
846 962 938 993 esset,
965 967 1031 987 sors
1054 957 1210 988 exclusit?
1234 957 1278 988 Ex
1300 958 1447 999 Schedia]
1495 960 1571 991 Mox

140 1016 245 1037 annon
260 1007 325 1048 leg.
362 1007 393 1038 σέ
409 1009 440 1037 τ’
453 1008 585 1048 ἐνόσφισε,
599 1007 729 1046 Τιμὶδαὲ
764 1008 860 1039 Nunc
875 1014 906 1037 et
922 1007 1136 1048 Ming·arellus
1152 1009 1232 1038 idem
1243 1009 1396 1049 probavit.
1437 1011 1576 1043 Timidas

138 1057 219 1087 alius
234 1068 290 1088 seu
314 1065 481 1099 cognatus,
504 1070 543 1089 an
568 1059 677 1100 frater,
701 1069 757 1088 seu
781 1058 921 1097 tribulis,
942 1068 1013 1088 cum
1034 1058 1192 1089 Aleimida
1211 1069 1268 1099 per
1293 1064 1406 1090 sortem
1423 1061 1576 1092 exclusus

135 1105 223 1137 lucta
235 1108 267 1139 in
279 1110 449 1140 certamine
465 1110 642 1151 Olympico.
688 1111 738 1140 An
753 1120 857 1140 veram
882 1110 926 1140 rei
948 1109 1100 1139 rationem
1123 1111 1249 1141 Scholia
1269 1113 1578 1153 exponant‚dubito.

136 1166 171 1188 v.
192 1157 269 1190 Not.

132 1257 233 1292 θέντες
252 1257 328 1290 οὗτοι
346 1259 457 1291 παίδων
477 1260 699 1301 ἀγωνίσασθαι,
713 1260 828 1301 μεταξὺ

132 1309 343 1348 yenatio-amu,
376 1311 602 1354 ἰξεκροιίσθησαιν
624 1312 677 1342 τοῦ
704 1311 826 1353 ἀγῶνος,

131 1360 213 1398 quod
240 1360 412 1390 absurdum
441 1367 499 1401 est,
523 1362 605 1391 inter
631 1361 825 1391 sortitionem

130 1414 254 1438 enatam
266 1420 334 1439 esse
351 1410 536 1451 lanuginem
552 1422 561 1449 3
587 1411 695 1441 saltem
715 1411 760 1442 sic
778 1421 825 1441 re-

132 1457 282 1499 fingenda
296 1465 369 1489 sunt
383 1473 389 1490 :
415 1459 616 1500 κληρωθὲντες
626 1457 704 1490 οὗτοι
717 1459 826 1491 παίδων

132 1507 343 1546 ἆγωνίσασθαιι
365 1509 490 1547 μεταξὺ,
515 1509 712 1548 wuido-mus
736 1511 823 1552 ἔξεις.

130 1557 220 1588 Sorte
256 1560 528 1599 componebantur
558 1560 646 1600 paria
676 1561 706 1590 in
738 1561 825 1591 lucta

130 1608 208 1638 etin
226 1609 369 1649 pugilatu
383 1619 419 1639 ac
432 1609 613 1651 pancratio:
636 1609 679 1639 cf.
691 1608 743 1641 Ol.
760 1610 823 1642 viii.

133 1659 185 1688 90.
212 1656 306 1696 Pyth.
337 1658 403 1689 viii.
428 1661 498 1691 117.
534 1658 627 1689 Nem.
655 1670 682 1689 x.
714 1662 766 1690 50.
791 1664 823 1690 et

135 1712 227 1737 notus
255 1712 301 1737 est
338 1707 425 1738 locus
455 1707 539 1748 apud
571 1707 757 1739 Lucianum.
786 1720 819 1741 v.

134 1757 235 1787 Faber
262 1757 411 1797 Agonist.
434 1758 454 1788 i.
483 1759 536 1789 25.
582 1758 673 1789 Sorte
697 1768 822 1798 quoque

131 1807 353 1842 constitutum,
365 1808 416 1848 qui
433 1807 518 1848 prior
532 1817 570 1837 an
584 1808 737 1849 posterior
753 1817 822 1847 pro-

130 1856 224 1888 diret.
267 1857 317 1886 Ita
343 1864 373 1888 et
397 1857 428 1887 in
452 1857 622 1888 certamine
646 1857 774 1888 musico.
790 1870 820 1888 v.

130 1907 285 1947 Antigon.
303 1906 430 1947 Caryst.
449 1911 479 1938 1.
494 1913 525 1937 et
546 1907 589 1939 ibi
616 1907 722 1938 Niclus
747 1918 820 1950 pag.

129 1956 165 1986 3.
212 1955 300 1987 Inter
317 1958 508 1989 sortitionem
532 1958 611 1989 adeo
626 1957 820 1990 intellectum

132 2009 191 2044 est,
207 2015 268 2035 non
285 2006 420 2047 amplius
447 2007 479 2037 in
503 2018 672 2049 puerorum
690 2018 822 2039 numero

131 2064 185 2084 eos
199 2064 265 2085 esse
281 2054 453 2087 habendos.
499 2057 565 2089 Nec
587 2065 688 2088 tamen
704 2058 751 2089 his
767 2069 822 2090 ex-

131 2103 268 2145 peditam
285 2115 349 2136 rem
372 2106 501 2147 videas3
527 2117 596 2147 quae
613 2106 694 2137 enim
710 2107 742 2138 in
761 2107 821 2138 hoo

881 1262 976 1303 culpa
991 1263 1094 1293 sortis?
1114 1267 1146 1293 et
1165 1267 1244 1299 tum,
1261 1263 1288 1294 si
1301 1262 1368 1303 jam
1384 1268 1478 1295 antea
1491 1265 1574 1297 inter

880 1313 1019 1353 ephebos
1043 1312 1170 1342 habitus
1192 1317 1223 1342 et
1244 1322 1281 1343 ex
1307 1323 1476 1353 puerorum
1505 1324 1573 1346 cer-

880 1362 996 1392 tamine
1026 1362 1173 1393 exclusus
1202 1361 1264 1392 fuit
1286 1362 1470 1401 Alcimidas,
1494 1375 1572 1405 quo-

879 1411 971 1441 modo
988 1411 1048 1441 hoc
1072 1411 1104 1441 iu
1127 1412 1277 1452 carmine,
1294 1413 1378 1452 quod
1393 1415 1491 1445 serius
1515 1420 1574 1452 est,

880 1460 965 1491 lucta
980 1460 1005 1489 ἒν
1020 1460 1108 1491 παισὶ
1129 1461 1256 1491 vincere
1285 1463 1410 1502 potuit?
1434 1463 1571 1506 Scilicet,

879 1514 1030 1549 quantum
1053 1510 1121 1540 sine
1143 1510 1294 1540 historica
1317 1511 1378 1542 fide
1402 1521 1443 1543 ex
1467 1514 1571 1545 verbis

879 1559 1002 1590 efficere
1040 1559 1128 1597 licet,
1154 1560 1302 1591 videntur
1333 1560 1505 1594 Alcimidas
1538 1569 1570 1595 et

878 1609 1018 1640 Timidas
1047 1615 1130 1640 sorte
1165 1621 1235 1641 cum
1269 1617 1330 1641 tam
1367 1611 1503 1643 robustis
1538 1619 1571 1647 et

878 1658 1058 1690 exercitatis
1087 1660 1293 1691 luctatoribus
1323 1662 1495 1702 comparati
1520 1663 1568 1693 fu-

876 1707 949 1749 isse,
962 1714 996 1738 ut
1011 1708 1093 1739 vinci
1106 1702 1302 1739 eosnecesse
1318 1715 1412 1741 esset.
1456 1711 1568 1754 Magni

875 1758 956 1788 enim
974 1759 1012 1789 ad
1028 1764 1186 1789 certamen
1203 1760 1350 1790 momenti
1363 1770 1430 1790 esse
1447 1761 1567 1794 debuit.

875 1813 1156 1850 componereturne
1171 1808 1284 1848 aliquis
1295 1819 1365 1840 cum
1382 1809 1510 1841 fortiore
1526 1821 1567 1842 an

875 1868 945 1888 cum
971 1859 1075 1890 minus
1097 1858 1181 1891 forti.
1234 1858 1271 1888 In
1297 1859 1358 1890 fine
1386 1858 1502 1900 ἁνίοχον
1527 1861 1567 1892 de

877 1909 1029 1950 magistro
1044 1916 1076 1941 et
1090 1909 1189 1950 alipta
1204 1909 1294 1941 dixit.
1340 1909 1390 1940 De
1406 1920 1465 1944 usu
1481 1911 1569 1946 vario

877 1958 963 1989 vocis
997 1971 1026 1990 v.
1058 1958 1175 1990 Jacobs
1212 1958 1399 1992 Animadvv.
1431 1970 1462 2001 p.
1488 1960 1566 1995 308.

879 2008 1026 2048 [Melesz'as
1050 2009 1105 2043 ol.
1130 2009 1199 2042 viii.
1226 2010 1282 2042 ⁷1.
1309 2009 1401 2043 Nem.
1425 2009 1468 2043 iv.
1489 2013 1566 2045 151.

877 2057 923 2089 Er
937 2058 1080 2100 Schedia]
