1877 3137
283 156 398 198 xlviii
473 152 750 196 CARMINA
786 152 1043 197 PINDARI
1082 154 1211 198 CUM
1245 153 1599 198 NOTATIONE

493 292 684 337 regnante
699 288 856 337 Olymp.
890 289 951 329 76.
984 293 1033 337 (a.
1054 289 1098 327 C.
1127 289 1238 333 476.)
1270 289 1335 330 77.
1353 291 1416 328 vel
1433 290 1496 331 78.
1556 289 1709 327 Corsini

489 348 646 398 Olymp.
662 350 723 389 77.
779 348 827 388 cf.
847 351 950 388 Fast.
968 355 1063 387 tom.
1083 351 1122 387 ii.
1142 364 1178 400 p.
1197 352 1258 388 62.
1272 364 1329 400 sq.

278 412 368 449 VII.
423 412 468 448 In
488 411 696 459 Diagoram
717 413 912 457 Rhodium,
929 413 1125 462 pugilatu.

491 472 650 522 Olymp.
673 473 737 518 79,
763 477 842 513 La.
859 475 901 511 C.
927 474 1019 511 464.
1038 474 1168 511 Schol.

279 534 392 571 VIII.
427 534 474 570 In
492 533 777 572 Alcimedontem
800 537 1030 584 AEginetam,
1050 535 1158 572 lucta
1176 536 1279 573 inter
1298 547 1452 585 pueros.

488 594 646 644 Olymp.
662 596 728 640 80,
748 598 780 634 1.
797 611 831 635 a.
850 598 894 635 C.
911 598 1001 634 460.
1030 597 1160 634 Schol.

278 657 352 694 IX.
419 657 464 693 In
486 656 773 705 Epharmostum
801 660 951 695 locrum
969 660 1179 707 Opuntium,
1194 659 1311 697 lucta.

491 718 648 767 Olymp.
678 720 739 759 73.
769 733 803 757 a.
835 721 879 757 C.
907 721 998 757 488.
1027 720 1157 757 Schol.
1187 721 1234 757 ad
1263 734 1300 758 v.
1333 722 1392 758 15.
1448 720 1560 758 Idem
1579 718 1705 757 victor

544 780 660 828 Pyth.
678 781 741 817 30.
772 781 934 830 Olymp.
955 782 1022 825 78,
1042 783 1078 819 3.
1100 781 1229 818 Schol.

277 841 329 880 X.
345 847 384 879 et
400 841 474 880 XI.
494 842 538 879 In
568 843 824 889 Agesiclamum
856 843 1012 880 Locrum
1051 841 1359 893 Epizephyrium,
1386 843 1568 894 pugilatu
1609 843 1711 880 inter

595 915 751 952 pueros.

491 964 648 1013 Olymp.
669 965 732 1012 74,
763 967 794 1002 1.
814 978 848 1003 a.
863 966 909 1003 C.
924 965 1019 1003 484.

279 1025 375 1063 XII.
431 1027 475 1062 In
496 1025 708 1073 Ergotelem
737 1028 979 1069 Himerceum,
1005 1026 1174 1064 dolicho.

491 1087 647 1136 Olymp.
666 1088 729 1131 77,
755 1090 789 1126 1.
807 1102 840 1126 a.
861 1089 906 1126 C.
927 1089 1022 1128 472.
1043 1088 1171 1125 Schol.

280 1150 399 1189 XIII.
431 1147 479 1188 In
496 1149 768 1197 Xenophontem
794 1150 1043 1194 Corinthium,
1064 1150 1201 1187 stadio.

492 1210 651 1259 Olymp.
685 1211 748 1255 79,
786 1213 819 1248 l.
851 1224 886 1249 a.
919 1212 963 1250 C.
991 1212 1084 1250 464.
1121 1211 1286 1250 Diodor.
1321 1215 1361 1249 et
1378 1211 1429 1249 al.
1464 1209 1616 1249 Eodem
1648 1209 1710 1247 die

548 1273 769 1320 pentathlo.
790 1274 922 1310 Schol.

283 1333 393 1370 XIV.
435 1331 486 1370 In
502 1333 723 1381 Asopichum
746 1336 1038 1379 Orclzomenium,
1062 1335 1187 1373 stadio
1207 1335 1310 1373 inter
1327 1346 1481 1386 pueros.

498 1394 657 1444 Olymp.
679 1396 741 1440 76,
766 1398 796 1434 I.
812 1409 848 1434 a.
867 1397 913 1435 C.
929 1397 1023 1438 476.
1041 1396 1181 1451 Schol.*

839 1563 1139 1606 PYTHIA.

282 1656 310 1692 1.
385 1655 428 1691 In
457 1655 652 1691 Hieronem
680 1654 890 1698 AEtncezcm,
920 1654 1131 1704 quadrigis.

494 1717 606 1765 Pyth.
636 1718 699 1754 29.
730 1717 906 1766 (Olymp.
942 1718 1006 1760 77,
1026 1717 1064 1754 3.
1091 1729 1125 1754 a.
1145 1717 1191 1754 C.
1229 1716 1338 1764 470.)
1386 1716 1509 1754 AEtna
1551 1716 1713 1754 deducta

494 1778 651 1827 Olymp.
686 1778 750 1821 76,
787 1780 818 1814 l.
837 1790 870 1814 a.
892 1778 934 1814 C.
964 1777 1055 1816 476.

285 1839 335 1875 ΙΙ.
393 1837 443 1875 In
471 1841 634 1883 eundem,
654 1840 864 1889 quadrigis.
1303 1885 1306 1888 .

495 1902 658 1947 Eadem,
697 1917 744 1940 an
765 1904 853 1946 alia,
877 1902 1078 1951 Pythiade,
1099 1915 1179 1940 non
1195 1904 1288 1940 satis
1307 1908 1473 1940 constat.

285 1963 358 2000 III.
395 1961 441 1999 Ῑη
471 1966 635 2006 eundem,
653 1966 784 2002 celete.

497 2026 609 2074 Pyth.
630 2028 694 2066 ⁶27.
710 2029 774 2064 vel
790 2040 868 2077 seq.
891 2028 1073 2076 (Olymp.
1090 2029 1153 2072 75,
1171 2031 1209 2066 3.
1233 2040 1265 2064 a.
1287 2028 1330 2065 C.
1351 2026 1458 2073 478.)
1478 2024 1587 2062 Idem
1609 2024 1711 2061 vice:

496 2093 553 2123 rat
574 2089 693 2125 celete
714 2089 826 2137 Pyth.
859 2092 922 2127 26.
954 2091 1110 2138 Olymp.
1131 2091 1195 2133 74,
1213 2091 1250 2127 3.
1270 2102 1304 2126 a.
1321 2089 1365 2126 C.
1382 2089 1458 2126 482

284 2148 353 2185 IV.
387 2148 431 2185 Ῑη
463 2151 687 2187 Arcesilaum
720 2151 955 2200 Cyrenaum,
974 2153 1184 2202 quadrigis.

497 2212 608 2259 Pyth.
625 2214 688 2249 31.
711 2214 886 2263 (Olymp.
908 2216 971 2259 79,
989 2217 1027 2253 3.
1047 2228 1080 2252 a.
1101 2215 1144 2251 C.
1164 2215 1277 2261 462.)
1310 2213 1437 2250 Schol.

289 2270 334 2307 V.
394 2271 439 2308 In
467 2274 628 2315 eundem,
650 2286 776 2311 curru.

496 2334 644 2370 Eadem
666 2335 866 2383 Pythiade,
885 2338 938 2373 ait
955 2338 1082 2374 Schol.

291 2393 360 2429 VI.
396 2394 442 2431 In
472 2393 709 2432 Xenocratem
729 2399 1022 2445 Agrigentinum,
1043 2398 1256 2448 quadrigis.

497 2456 613 2504 Pyth.
638 2459 701 2494 24.
734 2459 862 2496 Schol.
896 2460 1037 2497 Isthm.
1064 2461 1105 2498 ii.
1127 2474 1182 2509 pr.
1197 2461 1262 2497 01.
1281 2461 1319 2498 ii.
1335 2460 1397 2498 88.
1416 2458 1479 2497 90.
1498 2457 1578 2505 (Ol.
1596 2456 1660 2503 72,
1675 2458 1713 2495 3.

499 2531 532 2554 a.
553 2519 596 2554 C.
616 2519 728 2565 490.)
746 2520 850 2557 Vicit
879 2534 1034 2570 quoque
1065 2522 1283 2572 Olympicis
1300 2523 1416 2566 ludis,
1432 2522 1533 2558 forte
1553 2521 1710 2570 Olymp.

500 2581 563 2623 72,
592 2582 620 2617 l.
638 2581 766 2617 Schol.

295 2641 384 2677 Vll.
409 2639 451 2677 ἷη
486 2642 683 2688 Meg-faelem
705 2643 969 2686 Atheniensem,
992 2646 1202 2695 quadrigis,

515 2703 625 2750 Pyth.
646 2703 708 2741 28.
742 2704 818 2753 (01.
842 2705 905 2747 76,
934 2707 969 2742 3.
992 2719 1024 2744 a.
1042 2707 1085 2744 e.
1107 2709 1214 2755 474.)
1239 2708 1288 2748 cf.
1304 2707 1466 2746 Corsin..
1487 2705 1532 2745 P.
1553 2706 1576 2743 i.
1593 2690 1629 2754 13.
1652 2706 1713 2743 σο.
