1877 3137
648 225 1082 272 PRAEFATIO.
1518 225 1629 267 xxvii

191 365 270 402 trix
283 368 417 400 tamen
437 359 509 396 viri
528 358 634 396 docti
653 371 797 397 manus
814 361 857 397 in
886 372 932 397 ea
950 359 1098 397 locasse
1118 358 1274 396 videtur
1295 369 1453 405 operam
1473 377 1483 406 3
1513 359 1570 396 ita
1583 370 1624 396 v.

186 439 220 464 c.
238 425 354 462 Nem.
370 432 407 459 v.
427 422 462 458 2.
477 418 700 461 kmwdmvr’
719 419 853 477 ἐργάζε
871 443 927 450 -
942 423 1086 471 partim
1105 423 1353 468 emendavit,
1390 422 1533 471 partim
1555 421 1623 457 de-

187 488 366 539 pravavit
386 484 619 538 ἐλλινύξοντα
640 486 678 538 μ’
700 484 798 541 ἐργά
818 511 891 526 --.

243 550 294 587 In
315 550 441 587 Catal.
470 551 695 599 impressor.
733 551 981 588 bibliothecae
1015 550 1230 589 Bernensis
1268 558 1365 589 tom.
1394 551 1420 587 i.
1453 563 1492 598 p.
1532 548 1627 587 338.

188 612 309 649 etiam
326 612 443 648 Basil.
468 612 585 648 1545.
601 612 753 650 laudari
770 613 897 656 video,
917 625 1004 661 quae
1024 625 1222 662 nusquam
1252 613 1346 650 alibi
1367 617 1625 650 memoratur.

189 670 405 719 Subjicitur
423 678 557 710 tamen
573 686 619 710 ea
637 674 805 711 laudatis
818 671 902 720 jam
922 674 1008 711 edd.
1041 675 1155 711 1535.
1179 680 1218 711 et
1240 676 1353 711 1542.

239 747 443 782 —groece.
483 735 559 772 Hce
576 737 742 774 victoriae
785 737 833 771 ad
870 737 1097 772 emendatum
1117 739 1259 773 doctiss.
1287 734 1423 772 Jacobi
1447 734 1634 782 Ceporini

293 797 498 844 exemplam
529 798 677 835 collatae
710 810 807 834 nunc
844 802 975 834 exeant
1012 797 1178 834 Basileae
1198 810 1269 847 per
1286 796 1447 835 heredes
1464 795 1630 832 Andreae

290 856 499 894 Cratandri
521 858 632 897 1556.
651 859 709 897 M.
731 859 963 908 Septembri.
984 859 1022 896 8.

239 916 378 954 Nitida
396 919 516 955 editio
534 934 542 955 :
572 921 637 957 sed
659 933 767 957 mera
785 921 964 969 repetitio
982 919 1251 957 Cratandrinae
1276 919 1389 956 1526.

237 977 298 1014 Ad
317 984 547 1027 apparatum
569 981 823 1018 Pindaricum
853 982 1037 1030 pertinet.

237 1040 463 1088 Aristologia
479 1040 685 1079 Pindarico
699 1044 980 1091 groeco-latina
994 1058 1008 1079 .·
1029 1055 1138 1091 opera
1154 1056 1197 1079 ac
1229 1043 1349 1079 studio
1370 1042 1484 1077 Mich.
1504 1041 1630 1076 Nean-

290 1102 349 1137 dri
365 1103 603 1140 Soraviensis.
620 1103 784 1141 Basileae
799 1117 867 1153 per
887 1105 1114 1141 Ludovz'cum
1128 1105 1300 1148 Lucium,
1329 1104 1443 1141 1556.
1467 1104 1506 1141 8.

238 1166 385 1209 Quam,
401 1172 446 1202 ut
466 1168 605 1203 omnia
621 1167 840 1204 doctissimi
858 1166 976 1214 hujus
993 1169 1069 1205 viri
1099 1169 1256 1217 scripta,
1278 1181 1360 1205 non
1381 1169 1463 1205 sine
1482 1179 1632 1216 magno

185 1229 317 1267 fructu
335 1227 506 1265 conferri
528 1242 551 1265 a
575 1229 750 1265 studiosa
763 1226 977 1276 juventute
993 1242 1106 1278 posse
1119 1227 1269 1276 judico.

241 1288 294 1326 P.
313 1308 351 1314 -
479 1304 547 1339 per
563 1289 671 1327 Phil.
696 1291 1012 1328 Melanchthonem
1033 1292 1218 1328 latinitate
1231 1293 1368 1328 donata
1385 1291 1545 1328 Basilece
1565 1301 1630 1337 per

293 1352 356 1389 J0.
383 1352 598 1400 oporinum,
628 1353 743 1391 1558.
763 1353 799 1390 8.

239 1415 352 1463 Casp.
371 1414 533 1453 Peuceri
554 1415 736 1464 praefatio
768 1416 894 1460 docet,
916 1417 1068 1454 calamo
1100 1429 1185 1455 esse
1223 1429 1311 1455 eam
1344 1421 1546 1466 exceptam
1583 1415 1632 1453 ab

189 1477 365 1515 auditore
383 1477 426 1513 in
444 1478 587 1514 scholis
604 1490 628 1514 a
646 1477 960 1514 Melanchtbone
976 1479 1134 1516 habitis.

239 1541 281 1579 P
419 1552 555 1587 graece,
571 1541 647 1575 sine
666 1539 775 1576 schol.
803 1539 960 1576 Parisiis
978 1540 1080 1588 apud
1121 1539 1381 1577 Guilielmum
1400 1537 1646 1583 Morellum,

294 1604 335 1638 in
352 1601 500 1638 Graeeis
516 1600 808 1649 typographum
824 1600 1014 1649 Regium.
1049 1601 1165 1638 1558.
1182 1604 1220 1638 4.

240 1662 455 1711 Splendida
473 1661 593 1698 editio
609 1676 617 1698 ε
642 1661 690 1697 ad
711 1661 1033 1698 Brubachianum
1051 1662 1261 1711 exemplar,
1280 1662 1345 1698 sed
1367 1674 1390 1698 a
1410 1662 1495 1699 viro
1514 1661 1631 1712 valde

195 1727 362 1769 erudito,
383 1737 500 1773 quem
520 1725 650 1773 ipsum
686 1724 898 1761 Morellum
919 1725 1041 1762 fuisse
1076 1726 1209 1762 nullus
1229 1725 1381 1768 dubito,
1418 1736 1500 1761 esse
1518 1736 1630 1761 cura-

193 1793 275 1823 tam
296 1786 488 1829 intellexi,
509 1785 784 1822 Cratandrimo
804 1791 938 1822 tamen
959 1787 1171 1836 exemplari
1193 1798 1275 1823 non
1295 1786 1486 1822 adhibito.

239 1848 548 1896 Editionem‘gr.
568 1859 659 1884 cum
678 1847 809 1884 Schol.
829 1841 951 1886 Paris.
972 1845 1147 1894 ejusdem
1169 1836 1264 1885 anni
1284 1852 1478 1885 memorat
1493 1846 1630 1884 Fabri-

189 1910 286 1952 cius,
308 1921 512 1958 perperam
533 1915 572 1945 et
591 1910 680 1952 hoc,
695 1909 873 1946 arbitror.

237 1971 334 2008 Odae
352 1970 556 2008 nonnullae
587 1971 634 2008 ad
652 1975 777 2007 metra
793 1970 957 2008 redactae
978 1971 1230 2020 reperiuntur
1248 1971 1289 2008 in
1309 1972 1411 2008 libro
1431 1986 1440 2008 :
1470 1971 1534 2008 De
1564 1984 1627 2019 ge-

185 2034 329 2070 neribus
345 2035 544 2070 carminum
562 2044 770 2081 groecorum
786 2034 931 2070 Renato
957 2034 1143 2070 Guillonio
1158 2038 1318 2071 auctore.
1346 2033 1468 2070 Paris.
1489 2032 1612 2070 Andr.

185 2093 361 2132 WVechel.
386 2094 497 2131 1560.
527 2097 565 2132 4.

236 2155 467 2192 Accedimus
485 2155 532 2191 ad
548 2155 832 2204 Stephanianas
849 2155 1056 2193 editiones,

239 2216 398 2253 Pindari
430 2238 485 2245 —
501 2222 698 2254 ceteroru7n
732 2223 811 2255 octo
848 2218 1042 2264 lyricorum
1059 2218 1284 2254 carmina—
1309 2217 1488 2253 nonnulla
1522 2218 1633 2254 etiam

291 2278 458 2314 aliorum.
490 2279 619 2314 Omnia
646 2279 776 2317 Groece
809 2283 845 2315 et
876 2278 1022 2315 Latine.
1068 2277 1234 2315 Pindari
1253 2280 1506 2329 interpretatio
1534 2293 1632 2316 nova

292 2345 344 2376 est
363 2352 474 2387 eaque
493 2341 541 2376 ad
560 2341 721 2379 verbum.
735 2362 789 2370 -
807 2339 1028 2376 Excudebat
1047 2339 1172 2377 Henr.
1192 2340 1416 2390 Stephanus
1432 2342 1635 2384 Huldriclzi

298 2402 455 2448 Fuggeri
492 2403 738 2450 typographus
771 2401 964 2451 (Parisiis)
996 2414 1106 2439 anno
1131 2402 1245 2440 1560.
1281 2403 1435 2439 octonis
1468 2403 1634 2440 minoris

295 2461 449 2507 formae,
470 2475 538 2500 seu
559 2463 620 2500 16.

236 2522 299 2560 De
314 2524 376 2561 his
395 2524 498 2562 conf.
519 2524 752 2573 Stephanor.
771 2522 910 2561 histor.
930 2535 968 2572 p.
985 2525 1079 2563 246.
1094 2524 1196 2562 Phil.
1213 2524 1258 2561 M
1265 2524 1522 2562 elanchthoni
1535 2531 1632 2564 sunt

186 2586 388 2634 inscripta,
406 2587 474 2635 qui
492 2587 632 2624 eodem
651 2597 756 2622 anno
775 2586 855 2622 xix.
882 2586 1026 2634 Aprilis
1048 2587 1158 2624 obiit.
1187 2587 1238 2624 In
1255 2587 1377 2624 altero
1397 2588 1507 2623 tomo
1545 2592 1635 2635 post

188 2648 390 2684 Alcmanis
404 2648 632 2698 fragmenta
645 2644 829 2701 Πινδάρου
849 2644 945 2699 μέλη
968 2653 1203 2697 sequuntur,
1223 2659 1309 2697 quae
1325 2649 1436 2686 nulla
1452 2648 1528 2686 alia
1541 2654 1633 2685 sunt

187 2719 304 2757 quam
321 2709 559 2760 fragmenta.
1541 2701 1546 2705 ¹

241 2770 434 2810 Successit
455 2771 588 2810 Editio
602 2775 641 2811 ti.
664 2774 958 2812 Graeco-Latina
991 2772 1047 2810 H.
1068 2772 1273 2821 Stephani,
1288 2775 1529 2822 recognitione
1547 2786 1633 2823 quo-
