1877 3137
727 501 1081 550 NEMEA.

801 691 948 722 ΕΙΔΟΣ
974 687 1013 721 δ’.

374 857 901 933 ΤΙΜΑΣΑΡΧῼ
979 865 1452 944 AIFINHTH,

699 1093 1093 1133 ΠΑΛΑΙΣΤῌ.

649 1432 1108 1475 ARGUMENTUM.

178 1554 536 1595 COMMENDATUR
567 1567 590 1594 a
612 1553 829 1594 dulcedine
851 1557 1147 1595 carmen-13.
1179 1559 1392 1595 consecrat
1412 1554 1455 1595 id
1474 1556 1617 1598 victori

176 1617 218 1652 et
240 1611 385 1652 insulae
407 1610 576 1664 AEginae
598 1616 638 1650 et
658 1610 783 1664 patris
806 1610 1147 1651 memoriae—35.
1182 1610 1281 1651 hinc
1299 1610 1349 1651 ad
1365 1616 1518 1653 veteres
1539 1612 1616 1654 he-

178 1683 265 1709 roes
288 1667 506 1721 AEginetas
527 1667 768 1721 digreditur,
798 1667 1085 1718 Telamonem,
1119 1667 1314 1709 Herculis
1336 1667 1547 1720 comitem,
1572 1676 1614 1711 et

178 1725 273 1765 hinc
296 1725 345 1765 ad
366 1724 593 1765 Herculem
617 1724 767 1778 ipsum.
826 1725 883 1764 At
907 1738 942 1764 ν.
965 1728 1031 1764 53.
1055 1731 1214 1765 revocat
1236 1739 1277 1765 se
1299 1739 1322 1765 a
1346 1725 1613 1780 digressione,

175 1795 214 1822 v,
247 1783 315 1830 71.
346 1786 485 1822 tamen
520 1781 570 1822 ad
601 1783 699 1821 alios
731 1780 912 1835 procedit
943 1780 1083 1822 heroes
1115 1781 1357 1836 AEginetas:
1388 1781 1612 1836 Teucrum,

174 1837 362 1893 Ajacem,
394 1838 617 1889 Achillem,
649 1838 988 1892 Neoptolemum,
1023 1838 1205 1879 Peleum.
1266 1839 1324 1879 At
1344 1853 1382 1880 v,
1411 1845 1503 1881 112.
1535 1840 1612 1881 ite-

172 1909 265 1936 rum
286 1901 452 1936 revocat
474 1910 518 1937 se
538 1901 579 1936 et
601 1894 650 1935 ad
673 1895 838 1935 tribules
861 1894 964 1935 redit
985 1894 1278 1936 Theandridas.
1329 1895 1430 1938 Inde
1452 1911 1490 1937 v.
1517 1902 1612 1939 129.

172 1952 310 1994 laudat
332 1953 580 1994 avunculum
601 1951 779 2003 victoris,
809 1965 859 2000 V„
875 1955 970 1993 144.
993 1966 1114 1994 avum
1138 1958 1179 1993 et
1204 1952 1420 1996 Melesiam
1443 1952 1610 2009 alipten.

645 2071 835 2129 Διαίρεσις
872 2073 913 2114 ά.
972 2077 1026 2115 K.
1064 2074 1132 2130 ιγ’.

395 2165 698 2230 ΑΡΙΣΤΟΣ
739 2173 978 2244 εὐφροσύνα

394 2256 538 2309 Πόνων
565 2254 819 2327 κεκξιμὲνων

211 2399 291 2434 Εἶδος
315 2406 362 2431 est
381 2399 613 2443 μονοστροφικόν,
634 2400 800 2431 duodecim
825 2401 1036 2442 stropharum,
1060 2413 1116 2432 seu
1142 2402 1325 2438 diaereseou,
1350 2408 1384 2432 ut
1406 2403 1466 2434 inf.
1492 2404 1605 2438 lsthrn‘.

168 2453 233 2484 viii.
253 2463 413 2494 perperam
431 2453 462 2483 in
476 2452 633 2493 strophas,
646 2452 859 2493 antistrophas
876 2460 907 2484 et
924 2455 1040 2495 epodos
1057 2455 1288 2486 distinctarum.
1333 2455 1445 2486 Delevi
1462 2456 1557 2497 siglas
1567 2458 1606 2490 A.

170 2510 200 2534 et
217 2503 254 2536 E.
273 2504 500 2544 Antistrophen
519 2510 550 2533 et
566 2503 699 2545 Epodon
714 2504 920 2535 declarantes.
965 2505 1099 2536 Prorsus
1125 2515 1235 2535 novam
1262 2505 1513 2538 distributionem
1539 2508 1610 2539 νει-’-

172 2565 261 2584 suum
278 2555 350 2585 iniit
368 2554 588 2596 Mingarellus.
733 2559 765 2586 2.
791 2555 976 2597 Mingarell.
992 2555 1077 2595 conj.
1097 2554 1271 2599 nsngapfivpu,
1285 2556 1423 2598 victoris,
1440 2562 1473 2587 ut
1489 2558 1610 2600 κριθαῖς,

215 2677 244 2706 1.
268 2676 568 2710 FuitTimasarchus
581 2677 860 2710 Timocritif.luc-
915 2677 1186 2709 Theandridarum
1220 2680 1295 2710 118.
1333 2689 1409 2709 avus
1448 2685 1608 2710 maternus

170 2729 262 2766 tator,
287 2725 386 2758 victor
416 2727 441 2758 ἒν
466 2727 552 2759 παισὶ
580 2740 609 2761 v.
634 2731 710 2761 146.
733 2738 750 2758 e
775 2728 860 2759 tribu
916 2726 1067 2758 Callicles
1086 2728 1159 2759 130.
1177 2736 1254 2758 avus
1269 2733 1420 2769 paternus
1436 2728 1608 2770 Euphanes
