1877 3137
817 512 1177 560 NEMEA.

895 693 1041 726 ΕΙΔΟΣ
1068 691 1102 724 ι’.

341 849 746 914 ΘΕΙΑΙΩ
805 851 1134 915 ΠΑΙΔΙ
1195 849 1617 924 ΟΥΛΙΟΥ,

821 1058 1134 1099 ΠΑΛΑΙΣΤΗ.

779 1368 1191 1406 ARGUMENTUM.

268 1487 585 1528 COMMEMORAT
625 1487 759 1540 plures
789 1484 839 1525 de
870 1486 990 1539 Argis
1019 1485 1188 1534 fabulas,
1226 1497 1325 1538 quas
1363 1488 1530 1524 tractare
1566 1484 1692 1538 possit

266 1550 458 1609 tanquam
489 1546 636 1584 παλαιοὶ
665 1542 909 1596 Argivorum
941 1541 1008 1582 κλὲ
995 1559 1051 1593 -α,
1081 1541 1358 1596 tandemque
1348 1555 1390 1581 m
1411 1540 1560 1581 victore
1592 1542 1691 1581 sub-

264 1601 383 1641 sistit.
404 1626 461 1632 —
483 1606 551 1642 39.
583 1599 685 1655 Ejus
715 1600 901 1640 victorias
933 1599 1209 1650 commendat,
1231 1605 1424 1652 optatque
1443 1597 1624 1648 tandem,
1646 1602 1692 1638 ut

265 1658 387 1698 etiam
420 1657 680 1713 Olympicam
712 1663 995 1711 consequatur,
1016 1681 1074 1687 —
1095 1660 1163 1697 68.
1195 1656 1296 1697 Inde
1326 1655 1464 1696 laudes
1493 1654 1692 1695 victorum

266 1729 317 1754 ex
339 1729 385 1756 ea
405 1722 541 1770 gente,
563 1742 619 1745 —
642 1719 709 1756 90.
740 1715 783 1755 in
814 1715 962 1769 quibus
991 1713 1219 1767 Pamphaes
1237 1713 1328 1763 fuit,
1351 1712 1401 1753 ad
1422 1726 1543 1767 quem
1566 1711 1692 1752 Dios-

269 1772 354 1812 curi
383 1773 663 1813 deverterunt·
652 1803 665 1823 ,
708 1771 854 1826 quibus
885 1770 1118 1813 memoratis
1139 1770 1189 1812 ad
1209 1770 1389 1812 fabulam
1411 1770 1460 1811 de
1480 1768 1691 1810 Dioscuris

267 1826 354 1881 ipse
374 1829 603 1871 devertitur.

810 1951 862 1992 Σ.
892 1948 943 1991 α’.
1000 1953 1054 1991 Κ.
1085 1948 1139 1989 ιά.

487 2060 806 2120 ΔΑΝΑΟΤ
831 2066 967 2127 πολιν,
992 2068 1189 2135 dymno·
1175 2061 1188 2075 ⁸

563 2151 711 2200 Sw'nwv
738 2172 784 2200 τε
812 2150 1077 2208 πεντῆκοντα
1098 2151 1240 2219 nogant,
1267 2148 1474 2218 Χάριτες,

479 2226 698 2299 ’'Agyog,
698 2229 842 2301 Ηξας
871 2231 1001 2300 δῶμα
1027 2229 1336 2301 &amem-2923
1338 2265 1355 2273 -

560 2335 722 2381 μνειτε.
763 2312 986 2378 φλέγεται
1012 2313 1045 2365 δ’
1077 2315 1259 2383 άξεταῖς

311 2448 449 2489 Thiaeus,
464 2447 543 2478 Uliae
559 2447 580 2478 f.
597 2448 747 2489 Argivus,
765 2448 866 2478 victor
881 2449 1120 2485 Hecatombaeis,
1136 2450 1188 2490 qni
1205 2447 1321 2479 Junoni
1339 2448 1434 2488 Arg-is
1457 2445 1698 2477 celebrabantur

268 2499 346 2529 ludi.
477 2503 508 2535 1,
529 2500 559 2529 2.
582 2499 699 2538 ἀγλαα-
721 2497 822 2539 θρὸνων
842 2498 950 2529 Schol.
974 2500 1137 2542 praefixum
1164 2500 1259 2530 habet
1280 2499 1602 2539 interpretamentum.
1649 2496 1699 2529 Sic

268 2550 404 2591 εῧθρονος,
441 2548 608 2592 ὖψὶθρυοε.
652 2549 790 2590 pertinet
819 2549 859 2579 ad
890 2549 1091 2590 dignitatem,
1116 2561 1218 2591 genus
1249 2550 1371 2590 regium
1405 2549 1454 2580 vel
1484 2547 1635 2582 divinum,
1664 2553 1700 2578 ut

267 2601 392 2633 zvarana.

604 2711 636 2738 4.
663 2708 793 2749 ἐριναῖς,
807 2708 996 2749 argumentis
1012 2707 1152 2742 laudum,
1166 2707 1344 2739 decoribus.
