1877 3137
710 560 1068 610 OATMHIA.

778 726 922 758 ΕΙΔΟΣ
948 724 995 764 γ’.

534 884 1274 948 ΘΗΡΩΝΙ.

685 1211 1091 1249 ARGUMENTUM.

174 1326 459 1368 Pnommmz
480 1331 617 1380 poeta,
638 1339 679 1366 se
695 1326 927 1367 Theronem
951 1340 1095 1368 canere
1112 1327 1215 1367 velle
1227 1325 1493 1380 Olympicum
1509 1325 1595 1366 vie-

169 1391 314 1434 torem,
331 1383 454 1424 modo
470 1383 660 1437 probetur
673 1397 836 1423 carmen
850 1382 1064 1424 Dioscuris
1086 1389 1127 1423 et
1157 1383 1351 1425 Helenae.
1409 1382 1511 1423 Inde
1546 1385 1597 1431 17

169 1444 299 1481 -66.
317 1454 341 1480 a
360 1440 653 1480 memoratione
672 1441 893 1493 oleagineae
915 1454 1077 1481 coronae
1095 1440 1238 1481 transit
1252 1439 1301 1480 ad
1326 1439 1596 1481 narrationem

171 1496 221 1537 de
242 1496 438 1547 Hercule,
455 1497 660 1552 quomodo
681 1498 731 1537 ab
753 1497 1030 1551 Hyperboreis
1050 1498 1181 1537 oleam
1204 1497 1430 1538 silvestrem
1461 1496 1595 1551 petiit,

169 1567 249 1606 qua
269 1554 463 1608 Olympia
483 1554 561 1594 fuit
581 1553 751 1594 consita.
811 1553 935 1594 Hanc
956 1554 1178 1607 gratulatur
1197 1553 1378 1595 Theroni
1400 1561 1593 1609 tanquam

170 1610 292 1652 decus
314 1625 540 1662 summum,
561 1610 670 1665 quod
690 1610 846 1665 assequi
866 1611 993 1666 possit
1014 1611 1207 1652 mortalis.

718 1733 769 1774 Σ.
800 1730 852 1772 α’.
913 1734 966 1771 Κ.
996 1729 1048 1772 θ’.

385 1847 907 1909 ΤΤΝΔΑΡΙΔΑΙΣ
934 1878 979 1906 τε
1009 1855 1261 1919 φιλοξείνοις
1289 1856 1417 1917 ἁδεῖν,

387 1948 781 2015 Καλλιπλοκοίμῳ
807 1947 855 1996 θ’
883 1943 1061 2013 “Ελὲνᾳ,

211 2104 240 2131 1.
263 2098 412 2138 φιλοξένοις
427 2105 500 2129 ante
513 2098 713 2128 Schmidium
738 2097 908 2138 legebatur
936 2098 1009 2128 inde
1033 2108 1051 2127 a
1075 2098 1225 2129 Romana.
1270 2099 1314 2129 At
1343 2099 1408 2134 ille,
1438 2105 1471 2130 ut
1503 2106 1600 2130 metro

169 2151 361 2190 consuleret,
376 2160 416 2180 ex
434 2149 503 2180 Pal.
521 2150 620 2180 tribus
636 2149 797 2188 φιλοξείνοις
812 2149 961 2190 reposuit,
977 2155 1011 2179 ut
1023 2148 1087 2188 jam
1104 2148 1221 2180 Aldina
1236 2149 1438 2182 exhibuerat.

209 2292 400 2332 Inscriptum
427 2301 552 2321 carmen
591 2301 609 2320 a
639 2291 854 2332 grammaticis

168 2344 210 2383 τῷ
225 2343 308 2381 αὐτῷ
325 2341 435 2382 Θήρωνα
449 2341 485 2375 εἷς
515 2341 655 2378 Θεοξένια.
703 2340 858 2381 Supplent

167 2391 426 2425 Scholianownz
444 2391 560 2421 eisdem
574 2396 671 2420 totum
685 2390 756 2426 hoe,
768 2396 856 2429 pute,

167 2448 375 2473 commentum
404 2441 442 2471 de
467 2441 657 2471 Theoxenus
681 2450 699 2469 a
723 2439 856 2470 Dioscu-

169 2492 210 2521 ris
226 2491 380 2522 institutis
398 2489 696 2529 ·debetur,.petitum
724 2499 762 2518 ex
797 2497 855 2517 vss.

164 2552 212 2582 pr.
228 2547 259 2572 et
271 2543 326 2571 71.
341 2544 398 2573 72.
418 2540 467 2570 his
495 2539 620 2579 quidem
653 2537 733 2568 male
757 2536 849 2567 intel-

166 2589 254 2621 lectis
270 2603 277 2621 :
300 2589 388 2630 quasi
405 2590 443 2619 de
458 2589 595 2619 adventu
620 2587 748 2618 deorum
775 2596 851 2627 age-

166 2644 246 2670 rent.
288 2639 437 2669 Dioscuri
465 2644 496 2669 et
524 2638 645 2668 Helena
674 2637 854 2676 heroessut

165 2687 310 2728 pluribus
334 2688 423 2724 locis,
448 2688 609 2727 praecipuo
632 2686 740 2726 aliquo
764 2685 851 2715 cultu

165 2736 265 2766 habiti
281 2746 346 2766 esse
361 2737 500 2766 debuere
512 2736 852 2777 Agrigenti,(hocque

161 2784 226 2824 jam
257 2784 457 2815 Aristarchus
483 2791 645 2815 monuerat
673 2784 704 2814 in
723 2781 851 2822 Schol.)

166 2834 244 2865 forte
260 2844 278 2863 a
294 2840 389 2874 gente
403 2835 565 2875 Theronis,
580 2840 634 2865 aut
649 2843 667 2863 a
682 2833 765 2864 tribu
777 2833 851 2863 Em-

253 2894 330 2918 VOL.
351 2895 373 2917 Ι.

911 2288 1117 2329 menidarum,
1135 2288 1202 2330 (68.
1217 2286 1293 2326 69.)
1306 2300 1384 2330 quos
1413 2296 1445 2320 et
1471 2291 1531 2323 inf.
1564 2291 1598 2322 P.

912 2338 955 2369 vi.
968 2339 999 2368 5.
1016 2342 1179 2374 memorat,
1194 2346 1234 2366 ex
1253 2347 1316 2376 qua
1333 2337 1388 2367 ille
1404 2338 1476 2371 fuit.
1519 2340 1596 2370 Tra-

912 2387 1017 2427 ducta,
1036 2392 1070 2417 ut
1086 2386 1250 2427 probabile
1267 2387 1312 2422 fit,
1335 2387 1449 2429 religio
1478 2390 1596 2430 Argis;

912 2436 964 2466 hic
989 2436 1071 2466 enim
1100 2435 1265 2467 Castorum
1289 2435 1350 2465 fuit
1373 2437 1503 2478 religio:
1535 2438 1599 2469 vid.

912 2485 1050 2517 Pausan.
1083 2484 1116 2514 ii.
1144 2486 1198 2516 22.
1230 2495 1262 2524 p.
1293 2486 1368 2516 161.
1411 2486 1467 2516 His
1492 2486 1599 2526 itaque

906 2535 965 2565 diis
984 2544 1108 2565 carmen
1119 2534 1253 2575 ,probari
1270 2535 1370 2576 cupit,
1387 2540 1421 2564 ut
1435 2535 1510 2565 alibi
1529 2536 1600 2566 aliis

907 2584 968 2614 diis
982 2583 1170 2614 tutelaribus
1186 2583 1309 2614 urbium
1335 2593 1372 2613 ac
1396 2584 1597 2624 praesidihus.

908 2633 1002 2663 Haud
1018 2633 1112 2663 dubie
1129 2632 1280 2672 scriptum
1295 2637 1342 2662 est
1357 2642 1482 2663 carmen
1492 2633 1524 2663 in
1533 2634 1598 2664 vic-

909 2683 1018 2713 toriam
1061 2682 1279 2722 Olympicam:
1319 2682 1491 2712 eundemne
1527 2694 1597 2714 cum

909 2733 1010 2773 priore
1037 2731 1093 2761 illa
1120 2741 1160 2761 an
1185 2731 1351 2764 diversam,
1376 2731 1446 2772 quis
1469 2730 1598 2763 dixerit.

907 2782 976 2811 Jam
993 2787 1096 2811 autem
1116 2781 1210 2811 iidem
1227 2780 1372 2812 Dioscuri
1386 2780 1468 2811 inter
1492 2782 1599 2822 praesi·

907 2831 961 2865 des
990 2829 1192 2861 certaminum
1212 2829 1449 2872 Olympicorum
1464 2837 1554 2873 erant
1568 2842 1596 2862 v.

1014 2891 1031 2911 1?
