1877 3137
258 227 345 267 xxii
592 270 596 272 ,
829 226 1233 269 PRAEFATIO.

258 351 390 396 mine
413 350 476 396 ad
502 336 873 414 Lycophronem
892 352 1252 399 commentariis
1294 352 1355 399 ad
1374 369 1419 400 v.
1446 356 1557 403 174.
1587 358 1698 414 175.

257 430 311 470 ut
324 424 461 480 adeo,
489 425 580 471 nisi
598 425 713 473 hinc
737 441 793 472 ea
815 425 1100 487 transcripta
1133 433 1259 482 sunt,
1285 417 1504 491 utrisque
1551 431 1701 477 Scho-

256 497 336 544 liis
359 498 490 545 idem
513 507 680 545 auctor
702 499 848 545 fuisse
870 498 1104 545 videatur.
1178 499 1344 547 Multa
1388 503 1438 548 in
1484 504 1543 550 iis
1587 512 1701 552 sunt

255 575 684 635 grammaticorum
714 575 952 621 seriorum
975 583 1250 623 commenta
1271 583 1320 623 et
1341 579 1545 626 minutae
1570 596 1702 643 quae-

254 641 508 694 stiunculae
531 669 541 703 ;
577 648 638 694 ad
661 649 920 699 verborum
937 655 1097 696 tamen
1118 651 1422 712 singulorum
1447 660 1494 699 et
1512 660 1700 701 senten-

255 721 433 766 tiarum
459 722 823 782 grammaticam
867 722 1243 771 declarationem
1276 725 1408 772 haud
1445 743 1600 789 pauca
1623 744 1702 774 oc-

253 802 471 850 currunt,
498 811 606 858 quae
635 795 835 844 Pindari
858 797 1097 843 studiosos
1108 797 1280 858 juvare
1325 807 1543 862 possunt.
1598 800 1698 847 Eu·-

252 869 413 915 stathii
432 870 575 916 etiam
591 869 711 916 olim
729 869 1080 918 Commentarii
1109 873 1159 918 in
1183 872 1451 920 Pindarum
1473 874 1670 921 fuerunt
1689 893 1699 922 :

254 960 466 1006 quorum
489 945 824 1007 praefationem
851 948 964 994 satis
999 948 1196 1009 longam
1223 954 1271 994 et
1314 949 1552 996 eruditam
1601 965 1702 996 ma-

255 1021 553 1083 nuscriptam
583 1022 631 1067 in
658 1022 954 1070 bibliotheca
996 1024 1265 1071 Basileensi
1290 1040 1340 1071 se
1364 1024 1543 1072 vidisse
1566 1026 1633 1071 ait
1652 1026 1699 1071 la

253 1093 413 1140 Croze
428 1095 478 1140 in
495 1111 571 1158 ep.
593 1095 652 1142 ad
669 1095 750 1142 ι10.
777 1096 942 1160 Chph.
972 1097 1209 1145 VVolfium
1230 1099 1468 1147 Thesaur.
1491 1099 1696 1162 Epistol.

253 1174 288 1213 t.
314 1169 383 1214 iii.
426 1185 471 1231 p.
520 1170 636 1216 256.
710 1171 834 1222 Quae
880 1171 1076 1218 tandem
1117 1172 1442 1235 praefiguntur
1487 1173 1697 1235 singulis

252 1244 549 1290 carminibus
577 1244 773 1291 Scholia
796 1244 894 1310 περὶ
929 1249 1023 1292 τῶν
1047 1244 1228 1304 κώλων,
1270 1248 1323 1293 111
1371 1246 1619 1309 Olympiis
1654 1251 1701 1292 et

252 1318 408 1379 prima
431 1317 603 1380 Pythia
616 1318 818 1381 antiqua
840 1327 968 1375 sunt,
988 1319 1180 1383 reliqua
1201 1337 1228 1366 a
1246 1320 1488 1367 Triclinio
1511 1318 1701 1366 confec-

253 1399 313 1448 ta,
350 1393 433 1454 qui
454 1398 499 1439 et
527 1393 687 1455 priora
709 1394 990 1441 emendasse
1012 1394 1176 1442 fertur.
1203 1395 1265 1442 cf.
1313 1394 1479 1441 Schol.
1505 1410 1555 1456 p.
1581 1393 1696 1441 169.

253 1466 319 1529 (p.
339 1469 417 1513 15.
442 1466 519 1513 ed.
547 1466 749 1528 Oxou).
786 1468 842 1514 In
860 1469 1027 1515 metris
1051 1468 1345 1515 definiendis
1377 1485 1438 1514 an
1462 1468 1563 1514 ulla
1577 1468 1699 1514 anti-

254 1540 480 1602 quiorum
535 1542 967 1602 grammaticorum
1006 1542 1155 1589 fuerit
1189 1558 1350 1605 opera,
1391 1541 1698 1604 pronuntiari

251 1617 452 1678 nequit3
487 1617 525 1663 si
544 1616 637 1663 fuit
659 1618 775 1672 ulla,
799 1617 1113 1664 librariorum
1143 1619 1328 1664 incuria
1344 1633 1400 1664 ea
1435 1624 1507 1663 est
1553 1617 1701 1663 inter-

252 1698 404 1752 cepta.
477 1691 795 1738 Grammatici
811 1692 1013 1738 seriores
1032 1692 1093 1739 de
1125 1693 1292 1738 metris
1332 1691 1544 1737 multum
1567 1690 1699 1736 labo-

252 1772 438 1821 rarunt,
457 1765 586 1811 fama
599 1782 659 1812 ne
683 1767 849 1829 aliqua
866 1783 927 1812 an
949 1767 1135 1813 ratione
1158 1767 1258 1812 ulla
1272 1766 1433 1821 ducti,
1454 1766 1698 1810 incertum

253 1846 323 1885 est
346 1860 355 1894 ;
394 1847 520 1886 certe
545 1855 626 1886 eos
646 1841 801 1886 multa
825 1847 1103 1888 commenta
1133 1841 1366 1896 attulisse,
1407 1846 1618 1885 metrum
1636 1853 1699 1884 ex

254 1929 351 1960 una
375 1914 582 1960 alterare
607 1914 804 1976 stropha
849 1916 1175 1970 constituisse,
1218 1915 1533 1977 reliquasque
1580 1918 1698 1974 typo

254 1988 390 2033 metri
418 1989 564 2034 semel
600 1989 818 2035 confecto
858 1989 1227 2035 accommodare
1263 1989 1471 2035 voluisse
1519 1987 1698 2050 passim

252 2063 558 2109 manifestum
576 2063 645 2109 fit.
719 2065 843 2116 Quae
868 2081 943 2111 res
956 2067 1098 2112 toties
1122 2072 1417 2111 transversos
1435 2064 1551 2124 egit,
1577 2077 1694 2108 cum

252 2137 386 2192 alios,
412 2143 517 2182 tum
545 2137 802 2185 Erasmum
831 2139 1160 2197 Schmidium,
1188 2140 1272 2202 qui
1309 2154 1507 2201 gravem
1534 2137 1702 2198 objur-

252 2218 471 2274 gatorem
510 2220 679 2259 nactus
725 2220 795 2260 est
846 2214 1123 2270 Pauwium,
1172 2215 1333 2261 virum
1373 2212 1505 2259 haud
1547 2211 1699 2257 dubie

255 2302 413 2347 graece
437 2285 633 2332 doctum
655 2308 664 2342 ;
701 2287 801 2343 sed,
828 2295 878 2333 111
895 2288 1073 2351 fastum
1091 2287 1450 2336 intolerabilem
1471 2293 1519 2333 et
1541 2300 1700 2347 agres-

252 2366 351 2406 tem
369 2359 652 2423 durumque
668 2362 890 2408 animum
912 2363 1003 2409 viri
1029 2363 1335 2427 superciliosi
1362 2368 1409 2408 et
1431 2359 1699 2407 stomacho-

252 2437 291 2482 si
311 2444 511 2492 taceam,
528 2439 817 2484 commentis
838 2440 1167 2500 grammaticis
1180 2455 1279 2485 non
1305 2438 1466 2484 minus
1486 2435 1697 2482 nimium

252 2510 565 2566 tribuentem,
599 2510 693 2556 alia
727 2527 815 2573 pro
839 2513 1038 2560 arbitrio
1063 2519 1304 2575 agentem,
1345 2526 1471 2558 nova
1507 2509 1700 2556 somnia

251 2585 495 2630 veteribus
513 2584 903 2633 substituentem.
977 2586 1032 2632 In
1053 2588 1111 2634 iis
1135 2594 1296 2634 tamen
1317 2584 1587 2632 accuratius
1604 2582 1700 2629 dis-

253 2656 507 2717 quirendis
531 2673 677 2721 opera
700 2666 863 2705 nostra
879 2662 1103 2723 occupari
1126 2678 1215 2708 nec
1233 2667 1422 2724 poterat
1440 2675 1530 2706 nec
1553 2657 1698 2713 debe-

252 2728 347 2784 bat,
370 2732 437 2776 uti
458 2729 547 2778 nec
565 2733 615 2778 in
630 2733 835 2779 dialecto
850 2735 1143 2781 restituenda
1161 2754 1169 2782 :
1196 2737 1247 2781 in
1266 2751 1361 2798 qua
1376 2733 1545 2780 dubito
1557 2747 1618 2777 an
1637 2730 1699 2777 ad

251 2804 441 2863 regulas
463 2821 516 2851 ac
541 2814 783 2869 praecepta
806 2808 919 2853 satis
936 2814 1037 2854 tuto
1063 2825 1191 2855 nunc
1229 2825 1305 2856 res
1345 2810 1531 2871 ubique
1565 2821 1700 2853 revo-

252 2879 345 2925 cari
368 2881 530 2941 possit.
