1877 3137
663 235 1084 280 PRAEFATIO.
1601 240 1647 282 iii

215 365 349 418 solet,
370 367 434 417 ut,
455 361 573 407 dum
594 361 802 408 nimium
820 357 1014 406 subtilis
1037 373 1204 414 essem,
1228 358 1349 405 mihi
1374 360 1462 423 ipsi
1488 361 1639 409 nube-

206 437 337 484 culas
355 435 634 495 objicerem,
660 435 720 480 ab
739 433 845 480 aliis
860 431 1001 478 facile
1017 431 1366 494 dispellendas;
1391 435 1477 480 etsi
1490 436 1637 485 altera

204 524 265 555 ex
300 514 430 570 parte
465 523 593 570 saepe
625 506 829 553 viderim
865 506 1002 551 aliter
1035 506 1295 553 sentientes
1320 523 1381 554 ne
1419 523 1634 559 caussam

204 581 403 644 quidem
416 581 713 627 difficultatis
728 584 837 642 quae
851 580 1007 625 subsit
1021 579 1289 641 perspicere
1309 581 1480 638 solere,
1495 583 1636 630 adeo-

207 671 304 717 que
340 670 426 701 nec
463 655 656 709 tollere3
694 662 790 709 aut,
826 653 1218 715 interpretatione
1253 653 1416 716 aliqua
1441 656 1631 717 rejecta,

203 744 469 790 proponere
503 744 691 784 novam,
715 742 826 789 quae
861 732 1020 772 tamen
1051 738 1226 771 novam
1257 742 1453 789 quoque
1477 743 1636 791 repre-

204 804 499 859 hensionem,
527 821 672 865 quani
688 820 786 850 non
808 802 1052 856 videbant,
1071 801 1283 848 haberet.
1355 801 1554 859 Interea,
1582 812 1638 851 ut

203 879 441 937 graviores
469 878 635 923 saltem
666 893 846 924 errores
875 876 972 921 sive
1003 891 1031 920 a
1060 890 1139 921 me
1168 876 1267 922 sive
1285 876 1346 922 ab
1386 877 1491 923 aliis
1508 893 1638 924 com-

204 937 385 1004 missos,
412 952 665 996 nominum
696 956 856 996 tamen
879 949 1124 995 mentione
1143 950 1277 996 nulla
1308 949 1447 1006 facta,
1483 951 1637 999 dilue-

201 1038 319 1077 rem,
339 1024 553 1070 antelios
588 1030 773 1086 septem
808 1024 883 1069 vel
919 1028 1027 1068 octo
1063 1037 1215 1069 annos
1249 1023 1637 1074 Additamenta

202 1098 410 1159 vulgavi.

268 1172 370 1220 Sub
408 1172 538 1219 idem
573 1178 760 1234 tempus
798 1175 1072 1221 nuntiatum
1107 1180 1190 1229 est,
1217 1171 1424 1220 deficere
1459 1188 1637 1222 excusa

197 1247 329 1307 prelo
353 1246 552 1293 Pindari
570 1247 877 1309 exemplaria,
905 1248 971 1294 ita
993 1255 1046 1294 ut
1062 1264 1152 1294 nec
1174 1247 1363 1294 scholas
1387 1249 1540 1309 lyrico
1564 1250 1635 1296 in-

198 1321 507 1383 terpretando
531 1337 617 1383 per
634 1321 820 1382 aliquot
837 1336 987 1366 annos
1011 1321 1189 1367 habere
1212 1336 1432 1382 possem3
1473 1322 1637 1385 itaque

200 1394 510 1454 cogitandum
532 1399 630 1440 erat
653 1393 712 1439 de
730 1409 854 1439 nova
878 1393 1104 1441 editione.
1181 1394 1316 1440 Dum
1339 1395 1469 1442 varia
1485 1398 1640 1444 consi-

200 1466 264 1511 lia
302 1468 463 1513 animo
496 1483 657 1514 verso:
693 1468 837 1513 audio
860 1483 1036 1514 novam
1076 1468 1342 1515 editionem
1373 1485 1401 1515 a
1423 1470 1527 1516 viro
1551 1471 1636 1518 do-

199 1539 424 1596 ctissimo,
452 1541 592 1588 CHR.
619 1542 681 1588 D.
718 1542 952 1595 BEcKm,
978 1543 1149 1603 parari,
1186 1540 1386 1601 adjectis
1413 1543 1638 1601 Scholiis,

199 1613 331 1673 quod
370 1614 507 1660 valde
530 1616 809 1676 probabam,
852 1615 1077 1676 notisque
1115 1615 1465 1663 illustrantibus
1482 1637 1495 1673 3
1528 1635 1640 1681 pro-

200 1684 290 1730 diit
321 1702 516 1748 quoque
539 1703 615 1732 an.
642 1703 775 1733 xcn.
820 1687 1058 1734 Volumen
1082 1688 1297 1750 primum
1324 1688 1570 1753 Olympia,
1589 1700 1637 1740 et

200 1773 306 1806 xcv.
346 1760 549 1806 alterum
580 1760 753 1822 Pythia
775 1767 823 1806 et
859 1760 1049 1806 Nemea
1071 1762 1399 1823 complexum.
1474 1765 1636 1829 Depo-

197 1832 270 1878 sui
311 1834 567 1879 consilium
601 1850 794 1889 meum;
841 1834 912 1880 uti
933 1841 1073 1880 antea
1111 1835 1172 1881 ab
1200 1834 1455 1898 Apollonii
1480 1837 1636 1902 Argo-

196 1908 397 1953 nauticis
417 1923 682 1969 eorumque
705 1908 913 1955 Scholiis
933 1908 1239 1955 recensendis
1261 1925 1565 1969 recesseram,
1587 1920 1636 1961 et

196 1997 255 2028 ex
270 1981 444 2043 paratis
457 1981 607 2043 copiis
630 1981 893 2037 BrunckiO,
910 1998 1021 2044 quae
1039 1983 1198 2038 vellet,
1213 1983 1454 2031 miseram.
1504 1985 1635 2036 Cum

196 2063 354 2102 tamen
388 2054 602 2101 viderem
625 2061 733 2117 post
754 2056 917 2118 plures
956 2072 1108 2103 annos
1146 2072 1267 2119 opus
1291 2058 1342 2103 in
1378 2059 1511 2106 incili
1536 2060 1636 2108 hae-

196 2146 313 2184 rere,
339 2135 385 2175 et
402 2129 475 2175 vel
501 2129 569 2175 sie
592 2130 888 2192 exemplaria
911 2136 1079 2193 paratu
1096 2129 1258 2177 facilia
1275 2137 1323 2177 et
1344 2132 1635 2183 lectionibus

195 2202 428 2249 habendis
452 2202 626 2249 idonea
659 2202 854 2250 deesse:
893 2205 1022 2266 coepi
1057 2205 1160 2266 ipse
1195 2205 1395 2252 consilia
1428 2209 1630 2271 antiqua

193 2283 458 2332 retractare,
504 2283 553 2323 et
585 2278 812 2324 constitui
848 2278 1033 2341 duplex
1073 2279 1429 2340 exemplarium
1472 2297 1628 2343 genus

192 2365 373 2405 curare,
393 2350 593 2397 alterum
614 2351 790 2397 scholis
808 2352 1042 2399 habendis
1058 2353 1493 2410 accommodatum,
1529 2358 1632 2404 sola

196 2424 370 2470 Graeca
399 2425 724 2487 complexum,
762 2426 964 2473 alterum
989 2443 1101 2475 cum
1139 2425 1347 2474 Scholiis
1379 2435 1427 2475 et
1462 2445 1628 2478 earum

194 2513 354 2544 rerum
376 2504 620 2561 apparatu,
646 2500 823 2561 quibus
847 2500 901 2556 is,
929 2502 1013 2562 qui
1046 2506 1237 2564 poetam
1275 2502 1624 2565 interpretatur,

193 2571 450 2619 instructus
471 2588 648 2634 magna
684 2572 1024 2622 difficultatum
1061 2581 1108 2622 et
1138 2575 1466 2623 molestiarum
1489 2585 1626 2639 parte

192 2645 466 2693 exsolutum
487 2661 538 2692 se
563 2662 663 2693 esse
686 2647 871 2696 sentiat.

257 2717 369 2765 «lam
412 2720 463 2766 in
496 2720 618 2766 votis
649 2728 762 2777 erat,
815 2727 868 2767 ut
899 2721 1067 2768 liceret
1109 2738 1287 2768 novam
1321 2724 1473 2772 totius
1511 2742 1623 2789 ope-

195 2791 259 2836 ris
291 2791 494 2849 formam
517 2794 801 2850 describere,
841 2811 1014 2842 novam
1054 2796 1251 2843 Pindari
1291 2800 1619 2848 recensionem
