1877 3137
541 723 1290 801 PRAEFATIO.

211 1064 364 1119 Qun)
390 1072 440 1117 in
469 1069 557 1115 hac
587 1067 784 1114 Pindari
808 1067 1020 1114 editione
1043 1067 1344 1130 propositum
1371 1063 1642 1111 habuerim,

209 1160 448 1208 exponam
471 1143 635 1205 paucis
659 1141 704 1188 ἦε.

276 1217 473 1264 Pindari
499 1215 729 1262 Carmina
756 1220 864 1261 ante
905 1231 1003 1261 xxv
1041 1214 1129 1261 hos
1152 1229 1302 1260 annos
1328 1211 1474 1275 prelis
1514 1224 1649 1271 repe-

208 1291 352 1338 tenda
369 1305 668 1337 curaveram:
695 1305 791 1351 quo
811 1290 1031 1344 consilio,
1053 1289 1264 1350 ingenue
1283 1286 1522 1350 professus
1540 1298 1650 1329 sum

210 1366 261 1411 in
287 1364 594 1427 praefatione.'
653 1361 994 1425 Consequutus
1022 1378 1153 1409 eram
1187 1377 1335 1424 opera
1363 1375 1486 1413 mea,
1518 1355 1652 1420 quod

207 1438 444 1492 volebam,
466 1443 517 1481 ut
539 1437 589 1482 in
608 1441 801 1498 promtu
816 1443 972 1482 essent
989 1434 1285 1498 exemplaria
1300 1434 1361 1480 ad
1377 1431 1564 1478 scholas
1584 1430 1654 1476 in-

208 1511 510 1575 terpretando
534 1509 742 1555 Pindaro
762 1509 1021 1564 habendas,
1042 1516 1193 1571 utque
1211 1507 1423 1554 studium
1452 1503 1652 1551 Pindari

210 1585 333 1631 inter
362 1590 591 1630 nostrates
613 1582 967 1628 accenderetur.
1038 1582 1383 1643 Interpretatus
1408 1594 1520 1626 eum
1542 1593 1653 1623 sum

212 1657 465 1719 aliquoties
489 1676 498 1710 ;
537 1656 724 1717 quoties
740 1661 899 1700 autem
919 1670 1066 1701 novas
1090 1654 1320 1700 lectiones
1338 1653 1652 1706 instituerem,

211 1730 435 1777 videbam
454 1729 603 1775 multa
615 1728 762 1790 quide
769 1743 811 1773 n}
829 1744 907 1775 me
921 1727 1140 1774 nondum
1154 1727 1266 1776 satis
1284 1726 1571 1787 intelligere,
1584 1725 1654 1770 in-

211 1803 431 1850 cidebam
465 1809 625 1848 tamen
659 1817 749 1847 nec
782 1802 943 1847 minus
977 1802 1029 1848 in
1059 1801 1180 1856 loca,
1207 1802 1258 1846 in
1282 1800 1463 1862 quibus
1485 1800 1656 1845 sentie-

212 1879 337 1933 bam,
363 1878 524 1939 ipsum
548 1892 625 1923 me
649 1881 786 1922 antea
811 1881 894 1921 aut
918 1875 1041 1922 nihil
1065 1874 1361 1921 intellexisse
1380 1879 1462 1919 aut
1482 1888 1655 1935 parum

210 1957 347 1997 acute
370 1949 560 1997 vidisse.
632 1949 816 1995 Interea
849 1954 1122 1996 exarserant
1154 1948 1315 1994 studia
1346 1947 1658 2010 popularium

211 2040 446 2071 meorum.
517 2024 803 2086 Fragmenta
835 2023 1031 2085 collegit
1062 2030 1111 2069 et
1147 2021 1345 2068 Pindari
1382 2022 1529 2068 vitam
1554 2036 1659 2082 per-

213 2100 402 2162 scripsit
427 2115 602 2161 magno
627 2115 740 2144 cum
767 2099 932 2145 labore
949 2098 1259 2145 doctissimus
1282 2098 1316 2145 1.
1348 2097 1411 2144 G.
1435 2097 1660 2143 SCHNEI-

218 2189 343 2228 DER,
368 2174 453 2236 qui
484 2173 639 2219 fuerat
667 2173 718 2219 in
741 2172 1061 2219 familiaribus
1092 2173 1231 2229 meiS‚
1256 2177 1361 2218 tum
1384 2177 1545 2217 autem
1571 2170 1661 2216 Ar-

258 2307 277 2326 ⁸
299 2303 494 2348 τδνἈρνγείων
510 2296 613 2348 irgbaen
629 2303 773 2347 εἰρήσεταί
788 2316 844 2335 aeou
857 2305 882 2335 ἔν
897 2303 1087 2345 βραχίστοις,
1099 2312 1132 2336 ut
1149 2316 1220 2336 cum
1237 2304 1493 2346 Pindaroloquar
1502 2303 1534 2334 iu
1550 2303 1658 2335 Isthm.

215 2358 257 2388 vi.

256 2417 440 2459 [Lipsiensis
466 2417 593 2448 Pindari
618 2416 777 2459 Heyniani
806 2416 902 2447 editio
929 2423 963 2447 ut
986 2428 1068 2447 nova
1089 2417 1222 2457 quadam
1256 2418 1329 2446 dote
1359 2421 1534 2450 ornaretur,
1564 2414 1593 2445 Ι.
1618 2413 1660 2447 D.

214 2468 378 2504 Reussius,
406 2469 451 2499 vir
479 2468 618 2503 illustris,
644 2478 660 2497 e
684 2467 889 2497 Bibliothecae
919 2467 1063 2508 Georgia:
1092 2467 1244 2507 Augustae
1267 2466 1423 2497 thesauris
1440 2476 1560 2496 mecum
1577 2475 1662 2495 com-

215 2519 384 2549 municavit
397 2518 559 2560 exemplar
575 2518 907 2559 Gottingensis,cujus
931 2519 1120 2560 marginibus
1147 2518 1231 2548 varia
1248 2517 1367 2559 Heynii
1389 2527 1482 2547 manu
1504 2516 1664 2556 adscripta

213 2576 295 2599 sunt.
342 2568 422 2600 Inde
438 2569 582 2610 excerpsi
597 2579 665 2610 quae
686 2569 718 2598 in
735 2569 835 2599 lucem
861 2570 961 2610 promi
987 2580 1077 2610 posse
1102 2569 1291 2605 viderentur.
1317 2568 1426 2598 addita
1449 2566 1578 2606 singulis
1606 2567 1665 2597 liae

212 2625 286 2650 uota
300 2633 307 2650 ι
327 2619 370 2650 Ex
382 2620 510 2651 Schedis.
553 2620 602 2650 De
619 2621 666 2650 his
681 2619 921 2656 accessionibus,
935 2622 973 2650 ab
988 2620 1056 2660 ipso
1074 2620 1198 2660 Heynio
1214 2630 1277 2650 non
1293 2618 1458 2649 destinatis
1473 2616 1543 2647 usui
1559 2616 1666 2658 publi-

213 2680 263 2710 co,
275 2671 330 2709 ita,
345 2671 658 2714 spero‚judicabitu1·,
676 2675 709 2700 ut
726 2671 818 2700 decet
831 2672 1087 2712 incomparabilia
1101 2671 1171 2702 Viri
1187 2671 1303 2701 Summi
1319 2670 1440 2707 merita,
1456 2680 1586 2711 quorum
1598 2679 1664 2700 me·
1682 2672 1684 2675 “

215 2721 344 2751 moriam
374 2722 434 2752 seri
455 2727 587 2762 nepotes
613 2720 828 2753 celebrabunt.
872 2722 1037 2757 Praeterea,
1060 2733 1128 2764 quae
1150 2722 1293 2764 Heynius
1311 2721 1519 2752 Addendorum
1536 2719 1663 2751 nomine

215 2770 267 2801 hic
280 2771 341 2802 illic
362 2780 529 2813 sparserat,
543 2784 597 2803 suo
613 2774 761 2815 quodque
776 2772 843 2804 loco
861 2774 998 2805 inserui:
1024 2774 1186 2814 operisque
1209 2774 1253 2803 ita
1280 2772 1400 2813 praefui,
1421 2777 1454 2802 ut
1488 2781 1570 2803 nova
1598 2771 1664 2803 haee

228 2820 326 2852 editio
338 2821 414 2853 locis
431 2823 672 2865 aliquammuuis
688 2823 964 2863 emendatior-jure
980 2824 1045 2855 dici
1060 2824 1167 2864 possit.
1212 2823 1251 2855 G.
1267 2823 1310 2855 H.
1325 2822 1488 2864 Schaffcr]

302 2880 380 2905 voL.
404 2882 432 2904 1.
1040 2885 1058 2903 a
