1877 3137
634 207 1044 251 PRAEFATIO.
1592 224 1648 253 xv

194 336 328 384 haud
352 334 515 398 paullo
532 332 858 389 audaciorem,
891 339 1087 380 nactum
1110 347 1214 383 esse
1244 338 1579 391 correctorem,
1601 341 1648 381 et

198 411 261 457 ad
286 410 408 456 hanc
427 408 639 462 alteram,
683 408 848 454 relicta
870 409 1047 470 priore,
1091 423 1204 469 quae
1228 414 1389 453 tamen
1435 409 1647 457 multum

196 489 403 548 praestat,
427 486 644 530 exaratas
679 497 780 528 esse
804 481 1042 528 editiones
1071 482 1424 544 Stephanianas
1441 498 1651 544 sequen-

195 568 266 606 tes
277 573 461 613 omnes,
477 557 621 604 etiam
643 556 801 602 Paulli
824 557 1057 619 Stephani
1078 557 1416 604 Genevensem
1433 560 1582 605 1599.
1597 561 1646 606 4.

196 633 262 679 At
301 632 718 694 Stephanianam
782 632 1006 693 priorem
1049 633 1305 694 repetitam
1348 632 1567 679 intellexi
1594 634 1646 680 111

200 707 907 770 Plautino-Rapkelenyiana
953 713 999 754 01
1046 705 1472 755 Commelim'ana.
1547 708 1649 754 Ste-

195 782 411 845 phanum
433 788 594 828 autem
618 782 839 843 suspicor
863 783 1112 845 exemplar
1142 782 1344 845 quidem
1397 781 1647 828 Morellia-

195 873 317 903 num
341 856 594 902 tradidisse
618 857 793 918 operiS,
810 857 987 918 passim
1006 862 1167 903 tamen
1193 856 1317 902 illud
1341 857 1466 902 inter
1504 857 1649 903 inter-

196 932 517 993 pretationem
563 930 799 986 Latinam,
845 947 993 993 quam
1040 932 1343 986 conficiebat,
1391 930 1540 976 niodo
1586 947 1648 978 ex

199 1003 523 1050 Cratandrina
559 1010 606 1050 et
634 1002 832 1060 Aldina,
879 1004 1043 1061 modo,
1083 1006 1336 1068 multoque
1373 1006 1544 1066 magis,
1585 1021 1648 1052 ex

197 1078 395 1139 ingenio
419 1083 466 1123 et
489 1078 676 1124 ratione
700 1079 868 1124 critica
891 1079 1221 1126 emendatum.

262 1151 583 1200 Sckmidium
607 1153 807 1199 miratus
830 1169 939 1200 sum
967 1154 1214 1216 Stephano
1249 1155 1459 1216 seposito
1484 1170 1647 1202 exem-

195 1228 300 1290 plar
348 1226 727 1273 Cratandrinum
773 1228 1021 1289 repetiisse
1045 1249 1055 1283 ;
1100 1228 1193 1274 hoc
1237 1229 1370 1275 enim
1394 1245 1507 1275 eum
1548 1231 1649 1276 suis

196 1303 323 1348 curis
341 1302 632 1348 adornatum
656 1308 702 1348 et
725 1303 824 1348 suis
848 1302 1273 1349 emendationibus
1299 1303 1647 1365 interpolatum

195 1377 354 1439 operis
377 1376 645 1432 tradidisse,
662 1378 931 1423 multorum
946 1377 1171 1423 locorum
1190 1379 1551 1440 comparatione
1566 1379 1647 1426 de-

196 1450 449 1512 prehendi.
526 1451 721 1498 Primus
745 1453 794 1515 is
828 1452 935 1508 fuit,
964 1452 1048 1514 qui
1082 1458 1191 1514 post
1216 1452 1400 1498 Aldum
1426 1458 1473 1499 et
1499 1453 1648 1501 Calli-

194 1541 368 1587 ergum
392 1525 584 1572 codices
628 1527 833 1588 scriptos
878 1528 1151 1589 inspiceret,
1199 1533 1294 1574 tres
1332 1526 1577 1574 Palatinos
1601 1535 1649 1575 et

196 1599 527 1659 fragmentum
553 1600 911 1661 Augustanum,
938 1601 999 1647 de
1024 1602 1206 1664 quibus
1245 1603 1412 1664 paullo
1440 1610 1559 1665 post,
1585 1605 1648 1651 de

198 1672 370 1719 ceteris
393 1679 555 1720 autem
577 1675 770 1736 scriptis
795 1675 1034 1738 editisque
1058 1683 1258 1738 totoque
1279 1684 1507 1740 apparatu
1535 1678 1648 1727 Pin-

197 1746 359 1791 darico
396 1746 596 1793 inferius
636 1750 874 1794 nonnulla
920 1750 1184 1796 tradentur.
1256 1751 1367 1797 Hoc
1391 1752 1499 1798 loco
1546 1769 1647 1800 mo-

198 1837 311 1867 nere
329 1822 440 1868 satis
465 1829 549 1879 est,
575 1824 735 1870 virum
759 1825 1099 1872 doctissimum
1125 1842 1264 1872 suam
1290 1835 1460 1889 poetae
1484 1845 1648 1876 recen-

196 1896 382 1942 sionem
400 1896 500 1943 fere
525 1903 674 1944 totam
715 1899 775 1945 ad
822 1900 1030 1946 rationes
1067 1901 1304 1956 metricas,
1329 1904 1551 1964 quamvis
1577 1905 1648 1951 lu-

196 1971 353 2017 bricas
378 1979 425 2018 et
440 1988 571 2036 saepe
589 1991 761 2037 parum
788 1982 927 2031 tutas,
950 1977 1197 2023 interdum
1221 1978 1366 2024 etiam
1386 1980 1646 2028 manifeste

196 2047 563 2104 commentitias,
606 2051 858 2112 exegisse;
896 2051 1201 2098 constituisse
1241 2058 1403 2099 tamen
1436 2055 1647 2116 plurima

194 2122 407 2182 egregie,
433 2138 738 2187 acumenque
757 2125 959 2188 aliquod
976 2127 1122 2172 etiam
1139 2132 1246 2173 tum
1262 2134 1516 2190 praestare,
1531 2145 1647 2177 cum

187 2201 433 2262 judicium
459 2206 636 2252 mentis
659 2207 903 2253 sincerum
927 2213 975 2254 et
999 2209 1175 2255 subtile
1200 2209 1459 2257 desideres,

265 2275 470 2338 Sequuti
495 2294 607 2325 eum
633 2287 745 2326 sunt
769 2281 1099 2339 Omonienses,
1126 2283 1210 2329 sed
1230 2299 1401 2346 parum
1428 2291 1648 2331 constan-

198 2357 296 2405 ter;
357 2368 471 2399 nam
516 2354 665 2400 modo
718 2356 762 2402 ei
808 2356 1132 2414 adhaeserunt,
1191 2374 1305 2405 cum
1352 2358 1648 2407 deserendus

197 2432 319 2472 esset
330 2446 343 2482 3
378 2428 527 2474 modo
546 2428 881 2487 deseruerunt,
912 2432 994 2478 ubi
1035 2438 1175 2479 acute
1218 2432 1301 2479 ille
1326 2439 1372 2480 et
1410 2435 1647 2496 praeclare

197 2514 360 2546 veram
384 2501 644 2550 lectionem
687 2506 971 2553 restituerat.
1034 2506 1361 2569 Subjecerunt
1394 2509 1466 2554 1111
1486 2516 1645 2570 poetae

201 2574 375 2631 verbis,
400 2583 579 2636 praeter
597 2579 836 2640 subjectas
862 2597 888 2628 e
927 2581 1180 2628 Schmidio
1207 2583 1358 2629 varias
1392 2582 1644 2639 lectiones,

196 2647 312 2694 alias
335 2665 361 2696 e
386 2650 664 2700 Bodleianis
688 2656 914 2719 quinque
938 2655 1192 2703 codicibus
1213 2662 1439 2713 enotatas,
1466 2658 1647 2720 quibus

199 2727 357 2769 tamen
379 2724 552 2771 dubito
573 2744 634 2774 an
661 2729 761 2776 ulla
777 2731 829 2778 in
852 2737 952 2778 toto
976 2737 1119 2794 poeta
1137 2731 1280 2778 lectio
1304 2731 1562 2779 emendata
1581 2731 1646 2779 sit

195 2802 278 2841 aut
299 2799 544 2847 emendari
565 2803 729 2866 possit.
