1877 3137
717 513 1004 561 ΠΥΘΙΑ.

752 688 898 720 ΕΙΔΟΣ
922 686 955 720 ι’.

353 837 848 900 ΙΠΠΟΚΛΕΑ
908 834 1355 918 ΘΕΣΣΑΛῼ,

634 1020 1059 1064 ΔΙΑΥΛΟΔΡΟΜῼ.

619 1307 1083 1350 ARGUMENTUM.

138 1427 347 1468 ch‘roms
368 1423 568 1478 originem
590 1422 641 1461 ab
662 1421 946 1463 Aristomache
968 1423 1190 1465 Heraclida
1201 1439 1330 1480 quum
1352 1429 1570 1485 attigisset,

138 1483 354 1526 consilium
393 1479 521 1534 aperit
561 1477 788 1519 celebrandi
832 1476 919 1532 ejus
959 1480 1188 1532 victoriam,
1220 1498 1344 1537 quam
1366 1487 1569 1529 beneficio

134 1539 337 1595 Apollinis
372 1539 467 1591 (15)
499 1541 541 1576 et
568 1534 691 1589 patris
724 1534 898 1575 Phriciae
932 1538 1125 1590 exemplo
1167 1542 1263 1592 (19)
1295 1550 1571 1597 consequutus

136 1601 328 1638 est-25.
386 1594 506 1634 Bona
544 1589 756 1645 subjungit
796 1595 889 1630 vota
927 1607 1000 1647 pro
1041 1594 1260 1648 felicitatis,
1291 1612 1384 1652 quae
1404 1602 1507 1654 patri
1528 1607 1570 1642 et

136 1653 222 1694 filio
252 1651 440 1706 contigit,
481 1648 769 1704 perpetuitate,
795 1660 887 1702 quae
919 1656 1032 1690 tanta
1061 1657 1136 1703 est,
1168 1658 1216 1693 ut
1253 1654 1382 1710 major
1407 1657 1569 1699 mortali

135 1709 345 1762 obtingere
376 1711 562 1761 nequeat,
594 1718 678 1745 non
700 1705 828 1759 magis
849 1717 973 1758 quam
996 1715 1058 1759 ut,
1081 1708 1191 1761 quod
1222 1709 1354 1764 aiunt,
1390 1713 1440 1754 ad
1471 1714 1568 1768 Hy-

134 1765 346 1820 perboreos
376 1762 583 1818 perveniat
596 1776 609 1812 3
645 1764 726 1815 quo
760 1769 985 1804 memorato
1006 1764 1056 1806 ad
1079 1764 1368 1821 Hyperboreos
1389 1770 1569 1824 mythice

133 1819 382 1875 exspatiatur
413 1823 468 1859 46
481 1820 599 1865 -78,
630 1818 740 1860 unde
768 1827 932 1861 revocat
961 1825 1133 1864 se—84.
1164 1823 1409 1882 subjicitque
1429 1826 1569 1870 laudes

135 1876 297 1919 victoris
314 1881 355 1917 et
374 1874 605 1930 gentilium.

692 1997 744 2040 Σ.
775 1997 814 2038 ά.
875 2002 914 2038 Κ
946 1997 972 2038 ι’.

429 2100 666 2161 OABIA
693 2110 1003 2179 Λακεδαῒμον·

428 2200 662 2271 Μάκαιξα
688 2201 949 2252 Θεσσαλία·
978 2202 1142 2273 magog

173 2341 335 2372 ‘Ia-mnae?
348 2341 419 2375 Ald.
439 2344 521 2384 quod
537 2345 619 2376 idem
645 2356 756 2376 nomen
782 2353 839 2387 est,
863 2348 914 2378 sed
938 2350 1094 2380 communi
1118 2349 1239 2390 ἴοι-[ητις
1266 2351 1309 2381 cf.
1341 2351 1496 2384 Munker.
1529 2353 1570 2383 ad

133 2391 286 2423 Antonin.
310 2393 363 2424 lib.
389 2396 444 2425 34.
502 2396 685 2428 Thessalica
709 2397 805 2428 fuisse
832 2399 957 2430 videtur
979 2400 1174 2435 'tn-amasim
1205 2407 1236 2431 et
1257 2401 1453 2443 Ἰπποκλὶοις,
1477 2413 1572 2443 quam

134 2442 325 2475 scholiastes
342 2444 445 2476 firmat
460 2447 499 2477 ad
516 2458 564 2488 pr.
610 2448 744 2479 Pelinna
765 2459 819 2479 seu
845 2450 1014 2486 Pelinnaeo,
1037 2452 1208 2482 Thessaiiae
1226 2452 1309 2482 ultra
1324 2453 1464 2484 Peneum
1482 2454 1573 2491 urbe,

133 2493 299 2525 oriundum
317 2496 404 2538 (vide
421 2502 522 2528 tamen
535 2498 590 2530 inf.
600 2510 628 2530 v.
640 2498 703 2538 85.)
722 2505 752 2530 et
767 2511 836 2531 cum
855 2501 1015 2541 Alevadis,
1032 2502 1086 2541 qni
1099 2508 1163 2533 tum
1181 2503 1433 2534 Thessalicarum
1448 2505 1572 2537 urbium

135 2543 325 2577 dominatum
342 2547 500 2578 habebant
527 2550 570 2590 (v.
586 2550 737 2583 Herodot.
755 2550 836 2592 inpr.
861 2551 916 2582 vii.
932 2555 965 2584 6.
987 2558 1018 2582 et
1032 2553 1074 2583 ibi
1093 2551 1202 2593 valk.)
1234 2564 1352 2593 genere
1365 2555 1571 2594 conjunctum

133 2593 229 2624 fuisse
249 2606 287 2627 ex
302 2607 331 2628 v.
346 2600 378 2639 ⁷,
397 2602 427 2630 8.
443 2600 646 2642 intelligitur.
666 2603 751 2632 conf.
769 2602 873 2634 schol.
906 2603 1014 2634 Victor
1030 2603 1221 2644 Hippocleas
1237 2604 1344 2634 diaulo
1358 2605 1401 2646 (ἔν
1415 2605 1515 2637 παισὶν
1536 2617 1569 2638 v.

134 2644 209 2686 14.)
231 2653 262 2677 et
283 2648 391 2680 eodem
416 2651 467 2681 die
489 2652 602 2689 stadio,
624 2653 682 2683 etsi
701 2652 793 2693 hujus
809 2654 940 2685 alterius
955 2654 1096 2685 victoriae
1112 2655 1144 2685 in
1161 2654 1298 2685 carmine
1314 2657 1464 2687 memoria
1477 2657 1567 2688 nulla

134 2694 180 2735 fn,
196 2695 289 2736 Pyth.
306 2700 387 2732 xxii.
434 2703 512 2737 Quae
527 2702 552 2733 si
569 2704 760 2735 Scholiastes
776 2710 859 2736 recte
877 2705 982 2741 tradit,
998 2705 1092 2737 debet
1118 2706 1176 2737 hoc
1199 2715 1326 2738 carmen
1346 2707 1447 2750 prima
1469 2713 1568 2751 poete

224 2763 296 2786 von.
313 2765 338 2788 ι.
940 2774 959 2794 n
977 2773 992 2792 r
