1877 3137
702 207 1110 251 PRAEFATIO.
1608 212 1650 252 xi

205 350 306 396 gra,
341 332 474 396 quod
504 332 667 378 virum
697 331 1032 378 doctissimum
1071 331 1131 378 ad
1170 333 1294 378 bene
1334 332 1395 379 de
1437 333 1649 382 Pindaro

205 408 497 456 merendum
513 406 734 453 excitavi.

274 483 402 534 Quae
422 496 536 528 cum
556 482 621 528 ita
639 486 798 527 essent
815 481 1088 537 constituta,
1106 480 1327 527 continui
1348 496 1428 529 me
1452 483 1503 528 in
1528 499 1652 546 prae-

205 557 398 619 scripto,
418 561 466 602 et
481 555 726 610 omnibus,
747 569 860 616 quae
876 555 937 601 de
955 571 1006 601 re
1026 554 1226 600 metrica
1240 560 1322 600 aut
1336 556 1501 602 critica
1519 572 1650 603 eram

205 631 267 677 ad
290 636 449 693 poetae
465 630 647 676 calcem
666 629 961 691 adjecturUS,
986 628 1201 689 abjectis,
1221 645 1282 675 ne
1304 630 1549 676 turbarem
1568 632 1652 677 ali-

206 704 326 767 quid
350 711 432 751 aut
448 704 612 766 aliqua
628 704 678 749 in
699 717 747 750 re
768 703 998 750 molestus
1016 718 1188 758 essem,
1209 704 1400 764 perrexi
1419 704 1480 750 ad
1502 704 1651 764 Scho-

203 779 269 825 lia
285 777 604 826 emendanda.
669 778 891 824 Latinam
915 778 1047 824 enim
1070 776 1342 824 versionem
1364 778 1476 824 satis
1499 778 1650 826 habui

205 853 448 914 corrigere
468 852 519 899 in
537 853 611 907 iis,
638 867 750 914 quae
770 851 1019 898 manifeste
1037 867 1065 897 a
1083 866 1197 897 vera
1216 851 1402 898 ratione
1424 851 1651 900 abhorre-

205 933 328 973 rent.
369 926 578 973 Scholiis
594 925 925 972 exscribendis
948 925 1124 972 tradidi
1150 926 1403 988 exemplar
1425 926 1652 974 editionis

207 1000 382 1047 Beckii
402 1018 412 1046 z
448 1000 621 1046 sustuli
646 1000 761 1046 vitia
778 1015 889 1047 cum
913 999 1224 1047 librariorum
1243 1006 1346 1047 tum
1374 1016 1650 1064 operarum,

207 1080 449 1136 quantum
472 1074 579 1120 fieri
602 1075 789 1136 potuit;
826 1073 1047 1121 adhibito
1073 1073 1200 1121 Cod.
1216 1075 1544 1137 Gottingensi,
1562 1078 1653 1124 sal-

205 1155 302 1195 tem
329 1149 381 1194 in
404 1149 523 1195 locis
545 1148 796 1210 suspectis,
823 1155 870 1195 et
893 1164 953 1195 ex
978 1164 1050 1204 eo,
1071 1164 1155 1194 seu
1178 1149 1356 1197 criticis
1373 1150 1434 1196 de
1454 1152 1650 1209 caussis,

205 1223 394 1270 correxi
432 1223 672 1284 plurima:
723 1224 774 1269 in
808 1222 901 1270 hoc
932 1230 1096 1269 tamen
1131 1239 1297 1271 rerum
1335 1241 1513 1286 genere
1547 1241 1651 1274 rem

206 1296 433 1343 inutilem
459 1312 559 1344 esse
583 1297 767 1344 credidi
793 1297 854 1344 de
879 1297 1065 1360 quavis,
1086 1297 1161 1343 vel
1185 1297 1442 1355 levissima,
1468 1315 1654 1348 correc-

205 1371 337 1417 tione
359 1387 574 1427 monere,
600 1378 683 1418 aut
706 1371 984 1418 varietatem
1006 1371 1229 1417 lectionis
1247 1371 1538 1430 adscribere,
1565 1375 1650 1422 ubi

207 1444 531 1508 discrepantia
552 1446 613 1492 ad
640 1446 799 1508 ipsum
824 1451 1017 1507 poetam
1035 1460 1135 1490 non
1153 1443 1374 1501 faciebat,
1394 1461 1485 1493 nec
1501 1448 1652 1497 alium

205 1517 418 1565 fructum
441 1520 611 1566 afferre
632 1525 830 1582 poterat.
887 1518 1002 1565 Alio
1026 1519 1159 1565 enim
1183 1519 1291 1566 loco
1315 1519 1567 1569 habendus
1585 1530 1656 1569 est

207 1599 373 1637 auctor
396 1593 643 1648 classicus,
662 1593 760 1638 alio
779 1593 1148 1654 grammaticus:
1186 1593 1273 1640 etsi
1299 1594 1350 1640 in
1369 1610 1456 1642 suo
1480 1596 1654 1645 ordine

211 1664 334 1712 inter
361 1668 780 1728 praestantissimos
816 1666 1088 1713 habendus·
1162 1666 1371 1714 Possunt
1405 1674 1567 1716 tamen
1603 1673 1655 1719 in

209 1754 266 1784 eo
305 1740 473 1786 codice
512 1740 672 1787 adhuc
706 1742 866 1794 latere,
899 1756 1013 1802 quae
1054 1755 1131 1787 me
1165 1741 1430 1803 fugerunt3
1469 1749 1517 1791 et
1549 1745 1656 1807 dig-

208 1828 300 1858 nus
320 1814 401 1860 ille
424 1814 574 1861 videri
604 1815 761 1870 debet,
790 1830 938 1876 quem
966 1814 1150 1877 aliquis
1175 1822 1313 1862 aetate
1341 1818 1514 1878 junior
1538 1820 1656 1867 inte-

208 1902 352 1947 grum
385 1895 661 1951 comparet:
698 1895 815 1936 sunt
846 1889 978 1936 enim
1017 1889 1215 1936 Scholia
1241 1892 1477 1954 ampliora
1513 1893 1656 1941 inter-

207 1959 342 2016 dum,
368 1977 457 2007 nec
475 1963 609 2008 omni
638 1964 765 2010 bona
783 1963 926 2025 fruge
948 1978 1114 2010 vacua.
1167 1963 1370 2011 Codicis
1391 1963 1655 2028 descriptio

211 2033 333 2080 infra
357 2035 567 2084 dabitur.

277 2108 568 2170 Fragmenta
605 2108 804 2159 Pindari
831 2113 953 2160 mihi
986 2112 1144 2175 magis
1175 2113 1309 2162 cordi
1344 2121 1472 2172 sunt,
1504 2132 1654 2179 quam

210 2180 328 2228 forte
351 2184 459 2230 aliis
481 2185 729 2232 videbitur
749 2187 1076 2234 necessarium
1114 2203 1232 2234 esse.
1305 2188 1413 2250 Ego
1448 2206 1562 2237 vero
1593 2193 1657 2239 ita

208 2273 396 2315 censeo,
443 2276 621 2323 magno
668 2279 756 2310 nos
797 2264 1037 2311 beneficio
1082 2264 1383 2326 obstringere
1429 2281 1525 2322 eos,
1569 2269 1654 2330 qui

207 2334 500 2396 scriptorum
534 2338 889 2400 antiquiorum,
931 2355 1146 2403 quorum
1190 2341 1422 2404 pleraque
1463 2343 1658 2391 interie-

209 2414 339 2462 runt,
374 2425 546 2458 omnes
569 2413 818 2475 reliquias,
847 2430 961 2477 quae
999 2414 1202 2477 quidem
1227 2416 1428 2477 reperiri
1455 2418 1656 2479 possint,

209 2484 539 2545 conquirunt3
592 2488 857 2535 multarum
893 2489 1026 2536 enim
1068 2504 1230 2536 rerum
1272 2489 1503 2551 origineS,
1539 2491 1659 2537 anti-

210 2557 496 2617 quissimam
528 2561 735 2609 aliarum
755 2563 1107 2620 auctoritatem,
1135 2564 1291 2611 multa
1325 2564 1659 2625 exquisitioris

209 2629 507 2690 litteraturae,
531 2636 582 2683 in
607 2636 668 2683 iis
687 2653 940 2685 occurrere
966 2639 1077 2686 novi
1104 2659 1114 2694 ;
1153 2638 1379 2685 illustrari
1401 2639 1509 2695 alia,
1530 2646 1579 2686 et
1596 2654 1658 2686 ex

213 2703 272 2750 iis
296 2705 497 2769 digestis
517 2716 564 2757 et
589 2710 840 2759 illustratis
865 2714 1020 2759 multa
1041 2713 1332 2776 scriptorum
1368 2713 1474 2759 loca
1495 2713 1656 2760 lucem

210 2781 456 2832 foenerari.
539 2787 830 2850 Lyricorum
876 2796 1040 2836 autem
1090 2790 1357 2849 fragmenta
1402 2805 1461 2835 ex
1503 2795 1659 2850 strage
