1877 3137
688 167 990 208 CARMEN
1018 166 1096 207 IX.
1553 171 1605 209 97

298 306 349 341 80
390 289 717 347 Χαλκάσπιδες
745 287 940 358 ὑμέτεροι
968 287 1161 358 πξόνγονοι

385 373 626 441 Ἀξχοῖθεν
651 370 955 428 Ἰαπετιονίδος

387 452 579 510 Φύτλας
601 454 741 523 κοῧξοι
770 458 899 522 κοξοῖν
927 475 972 503 τε
1001 466 1098 520 <Deg-

170 622 224 651 82.
256 619 483 648 Turbatissiuia
506 620 573 650 haec
597 626 670 648 suut
694 626 724 648 et
742 619 842 649 verbis
859 623 891 648 et
908 628 1040 657 sensu,e
1058 616 1187 656 vulgata
1208 615 1343 646 lectione
1358 614 1407 645 vix
1432 615 1597 645 intemera-

165 676 216 708 ta3
246 670 405 708 multoque
420 670 515 709 magis
532 680 548 698 e
562 669 705 700 Scholiis.
731 668 934 699 Grammatici
951 667 1188 708 Protogeniam‚
1205 666 1406 697 Deucalionis
1429 672 1459 695 et
1474 665 1602 705 Pyrrhae

167 720 274 760 filiam,
297 720 424 749 eandem
449 730 516 749 esse
541 719 660 755 volunt,
686 730 755 758 quae
780 720 878 749 Locro
903 725 1001 759 nupta
1027 718 1123 748 fuerit
1142 724 1173 748 et
1189 727 1207 746 a
1227 718 1306 748 Jove
1333 726 1531 756 compressa:
1556 716 1603 745 sic

166 772 258 802 etiam
275 771 359 810 apud
374 771 482 802 Scliol.
502 770 662 811 Apollonii
687 771 742 800 lib.
770 769 812 801 iv.
835 775 920 800 extr.
935 768 1066 809 legitur.
1119 769 1166 798 Ex
1194 768 1321 798 Pindari
1348 775 1448 798 mente
1472 766 1600 805 Locrus,

165 821 367 852 Deucalionis
383 827 413 850 et
429 821 554 860 l‘yrrliae
571 821 664 857 filius,
688 820 847 850 Locridem
865 820 1005 854 tenebat,
1022 830 1083 858 quo
1100 828 1245 860 parentes
1260 823 1481 848 concesserant
1498 827 1525 846 v.
1546 819 1599 847 68.

163 872 214 902 Ad
232 872 314 901 hunc
330 872 456 912 Jupiter
472 871 499 900 in
522 871 750 901 matrimonium
768 871 902 901 adduxit
917 870 1055 910 Opuntis
1080 880 1119 899 ex
1139 870 1230 899 Elide
1253 869 1358 902 filiam,
1382 868 1543 909 gravidam
1564 867 1597 896 in

166 922 292 952 Maenali
306 933 428 953 recessu
446 932 486 952 ex
503 923 562 952 deo
577 922 704 960 factam,
721 921 803 951 unde
820 928 1009 961 prognatum
1022 931 1152 962 puerum
1170 921 1285 950 Locrus
1301 931 1358 959 pro
1370 930 1427 949 suo
1452 919 1516 948 filio
1532 928 1599 947 sus-

162 973 258 1012 cepit,
282 977 313 1002 et
336 974 375 1002 ab
402 982 460 1002 avo
475 977 614 1001 materno
631 972 792 1011 Opuntem
810 971 995 1012 appellavit.
1040 972 1089 1002 De
1113 971 1304 1011 Protogenia
1333 970 1489 1000 Pindarus
1516 969 1596 998 nihil

163 1028 325 1062 memorat,
337 1023 395 1053 nisi
410 1023 492 1064 quod
510 1034 539 1055 v.
558 1026 609 1054 63.
627 1023 767 1063 Opuntem
784 1022 998 1064 Πρωτογενείας
1015 1022 1092 1052 ἄστυ
1108 1022 1201 1053 dixit.
1246 1023 1295 1052 Ab
1311 1022 1380 1052 aliis
1397 1022 1452 1051 illa
1464 1031 1600 1050 comme—

164 1080 284 1105 morata
298 1081 356 1114 est,
369 1080 511 1115 tanquam
530 1074 657 1103 Aethlio
675 1079 781 1113 nupta,
794 1085 809 1103 e
827 1084 889 1113 qua
903 1074 1078 1112 Endymion
1097 1078 1275 1112 susceptus,
1290 1073 1341 1111 qui
1359 1071 1482 1101 Elidem
1498 1071 1600 1100 tenuit

164 1131 196 1156 et
208 1125 295 1165 Epeo
312 1135 442 1165 reguum
462 1125 599 1164 reliquit,
616 1135 634 1154 a
650 1135 710 1163 quo
726 1124 806 1164 Epei
820 1124 910 1156 dicti.
935 1136 968 1155 ν.
988 1124 1122 1155 Pausan.
1139 1135 1167 1155 v,
1186 1125 1217 1153 1.
1260 1123 1303 1152 At
1322 1124 1353 1152 iu
1379 1122 1516 1152 Pindaro
1542 1121 1597 1150 ob-

163 1186 254 1206 scura
268 1183 298 1206 et
315 1176 464 1216 impedita
479 1181 526 1204 est
542 1176 651 1214 oratio,
676 1175 757 1214 quod
781 1174 913 1213 majores
937 1174 1170 1204 Locrensiuma
1199 1174 1395 1204 Deucalione
1424 1178 1454 1201 et
1478 1172 1596 1211 Pyrrha

165 1227 225 1256 orti
237 1227 358 1267 origiue
373 1227 477 1266 stirpis
499 1226 657 1265 Iapeticae‚
674 1226 832 1263 iidemque
854 1236 869 1254 e
886 1225 1011 1254 filiabus
1023 1224 1111 1265 (nam
1126 1224 1209 1266 κόραι
1223 1235 1284 1254 nou
1301 1234 1366 1254 esse
1383 1230 1513 1264 possunt
1526 1225 1598 1252 ami-

163 1288 213 1317 cte,
239 1278 292 1307 sed
309 1278 479 1318 suntfiliae:
506 1282 539 1306 ut
556 1277 654 1306 Musae
671 1275 755 1318 κὸραι
769 1275 853 1316 Διὸς)
872 1276 1039 1315 primorum
1057 1286 1073 1305 e
1090 1276 1236 1306 Crouidis
1254 1275 1314 1304 orti
1330 1275 1489 1304 dicuntur.
1535 1274 1595 1302 Va-

162 1328 215 1358 riis
230 1329 328 1358 modis
342 1328 461 1358 versavi
478 1334 509 1357 et
525 1327 641 1357 tentavi
658 1338 777 1366 versus,
795 1334 827 1356 ut
844 1328 882 1356 ad
900 1326 1024 1356 fabulas
1040 1327 1188 1367 vulgares
1217 1325 1403 1355 sententiani
1421 1333 1597 1353 accommo-

165 1380 284 1411 darem.
304 1390 333 1412 ν.
349 1379 426 1410 Not.
447 1378 658 1409 Emendabam
677 1389 799 1418 quoque
816 1378 952 1419 oses-aiem
972 1376 1113 1418 Κρονιδᾶν,
1133 1388 1188 1417 pru
1213 1376 1370 1418 φερτάτου,
1395 1386 1457 1414 quo
1479 1374 1598 1413 Jupiter

164 1435 232 1470 est3
258 1436 288 1460 et
303 1429 387 1472 κὸριις
405 1441 448 1461 τε.
493 1429 536 1459 At
551 1430 715 1470 ignoratur
731 1440 790 1459 non
808 1430 911 1459 minus
926 1429 1069 1468 ejusfilia
1086 1452 1094 1465 ‚
1110 1428 1297 1468 qnmnfiliae,
1314 1437 1382 1466 quae
1411 1426 1462 1455 hic
1491 1426 1593 1454 locum

163 1481 280 1511 habere
299 1482 404 1520 possit.
451 1480 528 1510 Tun·
546 1486 640 1520 urget
656 1480 733 1510 illud
752 1480 827 1521 πρὶν,
841 1479 923 1519 quod
939 1489 1045 1508 omnes
1059 1479 1165 1508 modos
1182 1477 1370 1507 emendandi
1384 1485 1414 1507 et
1440 1477 1596 1515 iuterpre-

162 1532 248 1562 tandi
266 1532 379 1562 turbat.
423 1531 453 1561 Si
470 1531 630 1570 scripseris
646 1530 738 1571 κοῦροι
750 1529 830 1571 adem
853 1541 884 1558 τε
900 1527 1034 1570 osea-dm
1051 1527 1193 1570 Κρονιδᾶν.
1219 1527 1232 1556 o‘
1247 1525 1596 1565 δ”Ολὺμτιος-οιυηίῑι

163 1582 287 1612 sublata
307 1582 429 1612 videas:
457 1590 489 1612 at
505 1592 596 1621 quam
616 1581 713 1611 multa
735 1580 874 1610 mutata!
909 1579 958 1609 lta
974 1579 1051 1608 redii
1069 1580 1106 1607 nd
1124 1589 1172 1617 ea,
1188 1588 1256 1617 quae
1276 1577 1307 1606 in
1335 1578 1424 1607 Notae
1451 1582 1596 1606 extrema

162 1639 250 1674 parte
268 1633 366 1673 posita
381 1643 414 1662 su
421 1639 464 1664 nt.

161 1771 205 1805 δες
227 1770 354 1812 sipia-1301
375 1770 525 1813 orgeiyom:
560 1773 615 1802 orti
640 1773 674 1801 ab
691 1772 747 1801 illis
756 1771 848 1812 fuere

163 1822 282 1860 majores
297 1822 390 1855 vestri,
409 1826 557 1860 antequam
584 1820 699 1859 Jupiter
726 1820 849 1860 Opuntis

155 1871 254 1912 filiam
267 1871 305 1900 ad
319 1869 443 1900 Locrum
457 1870 592 1899 adduxit:
618 1874 651 1898 ut
677 1869 722 1898 sic
749 1870 845 1907 majo-

163 1930 230 1950 rum
249 1919 428 1949 memoratio
444 1925 588 1948 ornetur:
622 1918 760 1959 ἀρχᾶθεν
782 1917 846 1947 κοῦ-

163 1982 202 2010 ροι
215 1965 413 2000 Ἰαπετιονίδος
429 1967 545 2005 φύτλας
562 1968 646 2009 κορᾶν
661 1979 691 1997 τε
711 1967 848 2008 φερτάτων

164 2017 307 2059 Κρονιδᾶν,
320 2018 376 2048 viri
388 2018 424 2046 ab
434 2016 530 2055 Iapeto
541 2018 596 2046 orti
609 2022 636 2047 et
646 2017 784 2057 afiliabus
795 2016 845 2047 Jo-

160 2069 221 2102 vis,·
248 2073 281 2096 ut
299 2066 439 2095 universe
451 2065 552 2095 dicat:
578 2067 711 2104 majores
726 2065 847 2104 Ephar-

164 2117 253 2145 inosti
277 2125 344 2145 esse
368 2122 451 2145 ortos
476 2125 493 2144 a
520 2115 643 2144 filiabus
665 2115 763 2145 Jovis.
806 2117 849 2144 At

165 2165 245 2194 euim
264 2165 441 2204 ignoratur,
463 2165 588 2203 quinam
607 2164 689 2194 inter
714 2164 846 2203 majores

164 2213 220 2243 hos
236 2213 302 2244 sive
317 2223 334 2242 e
348 2213 472 2242 filiabus
486 2212 552 2242 sive
569 2222 607 2242 ex
627 2222 688 2242 una
704 2213 769 2242 filia
792 2214 845 2243 Jo-

165 2262 211 2291 vis
248 2262 312 2292 uati
336 2261 464 2292 fuerint.
508 2261 586 2292 Nam
619 2262 753 2302 Opuntis
779 2263 844 2293 filia

163 2311 321 2351 Opuntem
353 2311 451 2340 filium
482 2311 617 2351 peperit,
653 2322 712 2341 non
744 2312 850 2347 filiam,

163 2360 266 2400 Esset,
281 2360 360 2390 adeo
375 2360 586 2395 statuendum.
603 2361 742 2401 ignorari
758 2373 776 2392 a
793 2373 845 2393 no-

162 2411 211 2441 bis
225 2410 363 2451 origines
378 2409 557 2446 Locrorum,
570 2416 602 2440 et
618 2411 698 2440 inter
721 2412 844 2443 Deuca-

161 2459 275 2490 lionem
306 2466 338 2490 et
368 2460 498 2490 Locrum
531 2460 681 2490 interesse
712 2463 847 2501 potuisse

164 2509 271 2549 plures
297 2509 529 2550 generationes,
558 2510 589 2539 in
619 2510 666 2540 his
690 2510 799 2541 ductas
828 2522 847 2541 a

158 2558 252 2594 ‚Jovis
273 2558 396 2588 filiabus
412 2569 466 2589 seu
492 2558 566 2591 filia.
610 2559 719 2590 Nexus
743 2566 845 2591 tamen

167 2607 330 2638 verborum
356 2613 387 2637 et
408 2608 570 2639 sententiae
588 2609 671 2649 filias
692 2609 771 2642 Jovis
783 2621 848 2641 cum

165 2655 256 2695 Iapeti
269 2658 355 2696 stirpe
375 2658 547 2697 conjungit:
586 2659 724 2699 ἀρχᾶθεν
748 2659 849 2689 'Imm-

166 2703 277 2744 τιονίδρς
291 2705 407 2744 φύτλας
423 2706 512 2748 κοῦροι
530 2708 617 2750 κορᾶν
634 2720 664 2738 τε
694 2708 847 2750 pognia-m

245 2764 315 2786 vor„
341 2767 364 2787 1.

531 1636 583 1664 8⁴2.
606 1631 692 1674 κοςῦν
708 1632 798 1663 Bodl.
810 1630 888 1662 Cod.
907 1635 938 1660 et
953 1642 985 1660 a.
1007 1629 1043 1658 In
1059 1629 1176 1659 Aldina
1192 1628 1236 1658 sio
1253 1627 1392 1668 legitur:
1414 1626 1440 1657 ὗ.
1465 1626 1596 1670 πςὸνγαναι

901 1769 968 1809 (vel
986 1768 1134 1810 φερτά-τω)
1161 1767 1303 1810 Κρονιδᾶν.
1351 1769 1482 1808 Iapetus
1498 1767 1595 1797 Uraui

903 1817 964 1848 fuit
978 1819 1073 1858 filius,
1090 1819 1233 1857 adeoque
1251 1818 1403 1848 Uranidas
1419 1823 1569 1858 expectes
1584 1830 1594 1856 3

903 1868 1049 1898 Cronidae
1079 1869 1180 1898 locum
1212 1878 1270 1896 non
1298 1867 1520 1898 habent.—Ex
1548 1868 1595 1897 his

903 1918 1009 1958 itaque
1026 1918 1167 1958 colliga:
1197 1917 1365 1948 Pindarum
1380 1917 1518 1947 fabulam
1546 1927 1595 1947 se-

903 1968 955 2006 qui
969 1978 986 1996 a
1002 1967 1124 2006 vulgari
1143 1966 1296 1996 diversam
1327 1967 1476 2005 nobisque
1492 1966 1594 1995 miuus

904 2022 1006 2045 notam
1025 2017 1060 2045 de
1074 2016 1181 2054 puella,
1197 2025 1229 2045 ex
1245 2015 1336 2055 Iapeti
1365 2017 1464 2055 stirpe,
1486 2026 1505 2045 α,
1526 2015 1595 2046 Jove

904 2071 1009 2100 umato,
1023 2075 1037 2095 e
1051 2075 1106 2104 qua
1119 2065 1265 2105 progenies
1271 2063 1350 2104 fuit,
1364 2076 1424 2105 quie
1442 2064 1594 2096 Locridem

905 2122 1066 2160 tenuitjam
1082 2127 1147 2151 ante
1162 2119 1378 2150 Deucalionem.
1425 2120 1475 2150 Sic
1491 2121 1594 2150 omnia

902 2169 983 2198 bene
1012 2168 1207 2209 procedunt:
1245 2178 1272 2199 v.
1295 2170 1347 2199 79.
1363 2167 1467 2203 κείνων,
1483 2170 1518 2198 ab
1535 2170 1595 2199 istis

899 2218 1114 2259 (Deucalione
1127 2224 1158 2247 et
1174 2217 1294 2256 Pyrrha
1309 2217 1397 2258 puta)
1420 2228 1512 2258 genus
1537 2221 1588 2247 du-

898 2277 964 2298 :cere
987 2269 1105 2307 mqjores
1125 2268 1219 2305 vestri,
1245 2267 1356 2307 origine
1379 2268 1474 2306 prima
1501 2267 1544 2296 illi
1560 2278 1595 2298 ex

906 2315 1000 2355 Iapeti
1021 2317 1108 2355 stirpe
1130 2317 1274 2356 prognati,
1297 2322 1324 2345 et
1347 2316 1494 2356 afiliabus
1506 2316 1594 2353 Jove,

904 2365 1023 2406 (potest
1038 2375 1105 2393 esse
1122 2364 1237 2394 dictum
1260 2364 1421 2394 indefinite
1439 2375 1494 2405 pro
1519 2375 1593 2404 una,

904 2415 929 2444 si
955 2425 1014 2444 non
1031 2415 1178 2444 admittas
1201 2413 1286 2455 κόρας
1302 2412 1348 2452 τε)
1364 2415 1505 2455 indigente
1515 2424 1594 2456 reges

903 2464 989 2503 hujus
1003 2464 1125 2505 regionis
1136 2469 1201 2493 ante
1217 2462 1355 2496 Locrum,
1366 2469 1478 2502 patrem
1491 2462 1591 2503 Opun-

901 2514 936 2543 tis
951 2514 1124 2553 adoptivum.
1168 2512 1263 2541 Hunc
1279 2518 1380 2542 autem
1405 2512 1534 2543 Locrum
1562 2519 1596 2544 et

903 2562 1061 2602 Opuntem
1074 2562 1112 2591 ad
1127 2561 1224 2591 multo
1234 2561 1378 2598 seriores,
1390 2571 1480 2600 quam
1496 2563 1593 2604 vulgo

901 2611 946 2648 fit,
958 2622 1055 2642 annos
1072 2611 1225 2647 detrusit5
1256 2619 1322 2638 nam
1344 2610 1502 2650 Opuntem
1518 2612 1594 2643 facit

902 2662 1051 2700 aequalem
1066 2659 1231 2692 Memmio,
1246 2657 1380 2689 Patrocli
1394 2661 1493 2699 patri:
1521 2664 1593 2694 104,

904 2720 951 2750 sq.

957 2770 976 2789 O
