1877 3137
254 227 281 252 x
779 210 1180 252 PRAEFATlo.

257 334 563 397 grandaevus,
596 334 851 388 Bononiae,
890 334 1056 380 Abbas
1091 334 1343 394 generalis,
1380 334 1441 380 ad
1476 333 1706 380 meliores·

257 409 377 455 abiit
401 424 488 455 nec
517 409 719 471 patriam
760 423 899 454 suam
934 409 1070 454 novis
1105 409 1250 454 rebus
1289 409 1529 456 turbatam
1562 408 1700 463 vidit,

259 499 373 530 cum
401 483 521 544 ejus,
549 483 767 544 inquam,
793 482 969 527 ductus
993 482 1260 528 litterarum
1287 483 1383 528 sint
1407 482 1584 529 minuti
1610 483 1704 528 lec-

258 563 414 619 tuque
454 557 690 611 difficiles,
729 571 951 602 meorum
985 563 1145 603 autem
1183 557 1437 603 oculorum
1461 573 1515 603 ea
1540 558 1600 603 sit
1623 556 1704 602 de-

259 633 434 687 bilitas,
464 638 515 677 ut
538 647 635 677 non
659 631 750 676 nisi
778 645 956 691 magno
980 646 1093 676 cum
1117 630 1284 677 dolore
1308 632 1553 677 intentiori
1577 631 1703 677 visui

260 706 541 767 indulgeam
563 724 572 751 :
609 720 707 750 non
723 704 863 750 licuit
876 719 932 750 eo
950 710 1167 767 tempore
1182 706 1322 767 plura
1337 711 1534 760 tentare,
1555 720 1705 767 quam

260 786 315 827 ut
344 779 597 826 schedulas
634 793 817 840 sparsas
837 793 891 824 ac
926 779 1106 824 solutas
1140 779 1420 840 colligerem
1447 796 1501 826 ac
1519 779 1707 840 digere-

262 869 385 909 rem,
406 859 454 899 et
470 853 670 914 potiora,
688 867 802 914 quae
818 867 867 898 se
884 852 1164 908 offerebant,
1184 868 1512 914 excerperem.
1559 853 1706 900 Nunc

261 943 376 990 opes
412 928 516 973 illas
548 927 598 972 in
626 926 922 972 bibliotheca
945 934 1105 973 nostra
1127 927 1403 973 academica
1425 928 1636 990 reposui,
1661 933 1709 973 et

262 1002 471 1047 aliorum
498 1001 666 1046 usibus
690 1000 885 1062 reliqui.

333 1075 477 1130 Nam,
503 1090 618 1120 cum
644 1075 723 1129 ita,
753 1082 805 1120 ut
838 1074 959 1130 dixi,
995 1076 1315 1137 ambigerem,
1341 1082 1402 1129 et,
1432 1081 1483 1120 ut
1504 1075 1609 1122 fieri
1634 1090 1708 1121 so-

263 1151 329 1197 let
352 1151 403 1196 in
436 1149 508 1204 iis,
534 1149 715 1210 quibus
743 1163 839 1194 non
873 1149 984 1194 satis
1018 1150 1329 1204 confidimus,
1356 1149 1475 1195 dum
1512 1150 1708 1195 animus

264 1224 461 1285 refugit,
485 1238 586 1269 rem
613 1238 675 1268 ex
700 1222 780 1268 die
804 1223 854 1268 in
879 1222 1008 1268 diem
1044 1225 1460 1285 procrastinarem,
1486 1231 1533 1269 et
1557 1230 1709 1269 metra

264 1296 555 1344 excutienda
592 1297 643 1342 in
681 1297 910 1342 ultimum
936 1312 1098 1359 operae
1122 1298 1285 1344 locum
1313 1298 1589 1344 differrem:
1626 1314 1709 1360 op-

264 1378 470 1435 portune
505 1371 681 1423 evenit,
715 1376 769 1415 ut
802 1370 893 1416 viri
934 1370 1216 1427 doctissimi,
1253 1372 1299 1418 G
1319 1388 1347 1417 0
1371 1387 1403 1417 D
1427 1388 1456 1416 o
1480 1388 1507 1417 F
1526 1389 1561 1417 R
1585 1388 1615 1418 Ε
1635 1388 1667 1417 D
1688 1387 1707 1417 1

271 1447 315 1492 H
339 1462 368 1491 E
390 1462 423 1491 R
450 1462 489 1491 M
513 1461 544 1491 A
571 1461 601 1490 N
626 1460 658 1490 N
676 1460 711 1499 1,
737 1444 864 1490 liber
879 1444 942 1491 de
959 1447 1132 1492 metris
1148 1444 1450 1493 Graecorum
1464 1445 1707 1507 prodiret:

266 1521 316 1566 in
342 1535 442 1582 quo
473 1518 699 1565 videbam
726 1534 841 1565 eum
867 1519 930 1565 ita
954 1519 1214 1582 disputare,
1245 1527 1294 1566 ut
1318 1535 1487 1565 omnes
1510 1526 1620 1566 ante
1642 1535 1708 1574 se,

267 1596 409 1641 etiam
449 1592 823 1655 Mingaoellum,
848 1600 1125 1656 superaret;
1164 1610 1326 1656 neque
1361 1609 1462 1640 esse
1487 1594 1658 1649 alium,
1683 1610 1711 1639 a

268 1684 368 1731 quo
403 1668 639 1730 expositio
676 1674 944 1714 metrorum
985 1667 1357 1714 Pindaricorum
1383 1674 1482 1714 tam
1507 1667 1713 1714 feliciter

268 1743 455 1789 tractari
478 1742 642 1803 possit.
680 1742 890 1788 Videbar
914 1757 1046 1787 nunc
1073 1741 1192 1787 mihi
1216 1748 1379 1788 actum
1401 1757 1545 1803 agere
1569 1742 1708 1796 velle,

268 1817 305 1863 si
341 1822 448 1878 post
482 1831 550 1870 ea,
577 1831 691 1877 quae
715 1817 776 1862 ab
797 1816 900 1879 ipso
920 1816 1167 1878 proposita
1189 1822 1337 1870 erant,
1356 1815 1547 1878 aliquid
1571 1830 1713 1860 cona-

269 1905 367 1944 rer3
404 1889 595 1950 fuitque
638 1889 849 1936 Pindaro
885 1890 1083 1936 fortuna
1117 1896 1214 1936 tam
1257 1890 1480 1952 propitia,
1504 1896 1570 1945 ut,
1596 1904 1711 1935 cum

269 1977 383 2009 eum
406 1962 573 2008 litteris
591 1963 837 2019 adiissem,
858 1964 1004 2010 vellet
1027 1964 1077 2011 in
1097 1970 1255 2026 partes
1274 1979 1434 2025 operae
1459 1964 1511 2009 in
1537 1962 1714 2009 Pinda-

270 2052 324 2082 ro
360 2036 607 2082 collocatae
643 2039 820 2094 venire,
848 2046 895 2085 et
918 2055 1022 2086 rem
1046 2040 1192 2101 longe
1224 2038 1564 2085 difficillimam
1589 2039 1640 2083 in
1663 2053 1714 2083 se

270 2109 499 2172 recipere,
534 2113 760 2172 precibus
791 2114 872 2160 ille
908 2115 1029 2160 meis
1051 2114 1216 2160 locum
1246 2113 1572 2174 relinqueret;
1610 2128 1716 2175 pos-

270 2184 421 2229 tulavi
448 2199 645 2246 quoque
664 2186 755 2232 hoc
779 2189 840 2233 ab
865 2204 936 2243 eo,
959 2195 1026 2244 ut,
1048 2203 1160 2235 cum
1184 2203 1245 2234 ex
1270 2187 1387 2249 ipsis
1406 2187 1569 2232 metris
1586 2192 1716 2232 recte

271 2257 538 2303 constitutis
578 2274 702 2305 nova
749 2262 937 2308 critices
986 2263 1187 2309 materia
1234 2261 1535 2324 suppetitura
1579 2265 1714 2315 esset,

273 2330 515 2394 quicquid
538 2347 564 2378 e
589 2332 821 2381 doctrinae
847 2337 998 2399 copiis
1023 2344 1108 2383 aut
1129 2336 1316 2398 ingenii
1352 2335 1580 2381 acumine
1603 2333 1716 2380 affe-

272 2404 479 2452 rendum
500 2405 712 2463 haberet,
738 2408 949 2456 Pindaro
974 2412 1272 2474 impertiret3
1309 2426 1337 2456 a
1358 2426 1437 2456 me
1461 2409 1593 2455 enim
1616 2423 1716 2454 non

273 2494 449 2535 meam,
482 2480 568 2526 sed
605 2480 803 2530 Pindari
829 2500 1048 2532 caussam
1076 2493 1122 2532 et
1142 2485 1462 2532 commodum
1498 2485 1549 2530 in
1580 2498 1715 2528 omni

271 2552 364 2599 boc
390 2555 583 2616 negotio
607 2558 824 2618 spectari.
900 2559 1024 2610 Quae
1061 2576 1207 2623 quam
1239 2560 1470 2623 praeclare
1512 2558 1572 2603 ab
1611 2557 1716 2619 ipso

273 2634 464 2687 peracta
497 2629 606 2684 sint,
642 2629 783 2677 docet
818 2631 1183 2681 Commentatio
1217 2635 1279 2681 de
1314 2634 1479 2681 metris
1516 2630 1715 2678 Pindari

273 2701 366 2747 vol.
394 2702 463 2748 iii.
493 2703 668 2750 inserta
689 2725 700 2759 3
738 2705 803 2751 ita
825 2713 894 2763 ut,
919 2708 958 2753 si
982 2709 1119 2755 nulla
1142 2710 1236 2756 alia
1259 2710 1311 2756 in
1343 2725 1394 2755 re
1417 2707 1478 2754 de
1505 2705 1718 2754 Pindaro

274 2773 397 2819 bene
422 2779 701 2832 meruerim,
731 2779 849 2828 mihi
876 2780 983 2828 haec
1012 2783 1178 2831 saltem
1211 2784 1363 2847 gratia
1387 2786 1577 2831 maneat
1600 2780 1718 2828 inte-
