1877 3137
844 537 1164 586 NEMEA.

905 702 1121 748 Emosg‘.

417 841 932 916 ΣΩΓΕΝΕΙ
995 845 1590 918 ΑΙΓΙΝΗΤΗ,

729 1047 911 1096 ΠΑΙΔΙ,
948 1047 1281 1086 ΠΕΝΤΑΘΛῼ.

797 1390 1206 1428 ARGUMENTUM.

293 1511 509 1554 SoGENEM
536 1508 622 1564 jam
644 1507 853 1549 nascendo
874 1521 960 1547 esse
981 1507 1192 1561 pentathlo
1213 1506 1481 1559 destinatum,
1504 1522 1615 1549 nunc
1636 1509 1721 1550 vic-

291 1575 421 1610 torem
456 1566 634 1608 carmine
664 1565 853 1619 dignum‚
886 1564 1056 1618 praemio
1077 1570 1350 1605 consentaneo
1371 1566 1563 1619 praeclare
1593 1567 1722 1606 facto·

291 1640 381 1667 rum
402 1628 543 1665 2—16.
575 1637 656 1677 quo
675 1621 952 1663 celebritatem
985 1621 1052 1661 illa
1083 1627 1366 1675 assequuntur,
1396 1621 1597 1664 interdum
1620 1636 1722 1677 quo—

292 1697 371 1737 que
392 1682 479 1736 ipsa
498 1695 539 1721 re
565 1678 776 1734 majorem,
800 1679 987 1732 exemplo
1010 1678 1313 1731 Ulyssis.—48.
1346 1677 1536 1719 Carmine
1565 1690 1624 1721 est
1654 1675 1722 1719 ce-

290 1741 443 1780 lebrata
454 1739 563 1778 fama
579 1736 842 1790 Neoptolemi
872 1749 922 1775 ex
942 1735 1146 1776 AEacidis:
1182 1733 1231 1774 ad
1244 1733 1361 1789 cujus
1383 1736 1464 1775 fata
1485 1735 1721 1790 digreditur.

293 1798 423 1844 —78.
445 1794 546 1835 Inde
561 1794 610 1835 ad
623 1792 1137 1846 AEginam‚Thearionem‚
1166 1791 1328 1832 victoris
1341 1798 1512 1847 patrem,
1534 1800 1574 1834 et
1595 1794 1644 1835 ad
1665 1794 1726 1848 ip-

292 1867 382 1893 sum
415 1851 607 1892 victorem
646 1850 906 1897 redit—117.
938 1856 1031 1890 vota
1060 1849 1159 1890 facit
1196 1848 1245 1889 ad
1282 1848 1427 1890 Jovem
1466 1849 1721 1891 Nemeorum

291 1909 523 1964 praesidem,
545 1907 710 1963 ejusque
732 1906 850 1956 filios,
873 1907 1053 1948 AEacum
1073 1912 1113 1946 et
1131 1905 1376 1957 Herculem,
1397 1920 1469 1960 pro
1490 1922 1614 1962 puero
1634 1905 1722 1949 vic-

295 1970 392 2007 tore.
452 1966 538 2006 Sub
560 1965 685 2006 finem
712 1969 808 2005 150.
840 1965 1162 2019 Neoptolemum
1185 1963 1288 2003 redit
1310 1969 1350 2003 et
1371 1963 1610 2018 deprecatur
1631 1977 1723 2005 nar-

293 2028 379 2063 rata
399 2022 448 2064 de
469 2021 559 2078 ejus
581 2027 726 2073 morte,
749 2036 799 2062 ne
820 2021 862 2062 in
884 2035 978 2062 eum
1000 2034 1188 2076 peccasse
1209 2019 1405 2061 videatur.

851 2137 902 2180 Σ.
923 2136 964 2177 ά.
1011 2139 1066 2178 K.
1087 2134 1153 2187 ιβ’.

520 2214 890 2286 ΕΛΕΙΘΥΙΑ,
916 2226 1127 2297 πάξεὸξος
1156 2229 1331 2297 ὒΙοιξᾶν
1357 2225 1663 2297 βαθυφρόνων,

519 2314 627 2362 Παῖ
646 2308 1026 2380 μεγαλοσθενέος,
1048 2309 1245 2370 ἄκουσον,

332 2452 486 2491 Sogenes,
502 2448 686 2480 Thearionis
703 2449 726 2479 f.
742 2449 908 2490 AEgineta,
923 2449 1086 2489 pentathlo
1104 2450 1200 2480 vietor
1217 2449 1298 2479 Nem
1312 2449 1378 2481 xiv.
1397 2459 1488 2488 quam
1507 2449 1537 2479 in
1556 2449 1605 2480 01.
1622 2450 1723 2482 lxxix.

289 2507 319 2536 2.
341 2501 501 2541 incidisse,
527 2507 619 2531 acute
641 2499 771 2540 conjicit
793 2499 917 2531 Corsin.
941 2499 1025 2530 Diss.
1045 2500 1179 2541 agonist.
1202 2511 1234 2540 p.
1255 2501 1309 2539 52,
1333 2501 1384 2531 53.
1410 2505 1447 2529 ut
1468 2499 1567 2540 prima
1592 2500 1724 2531 Nemeas

289 2554 443 2586 numerari
474 2552 605 2593 coeperit
633 2550 815 2582 instauratis
837 2549 967 2581 Nemeis
993 2550 1073 2580 ludis
1096 2550 1148 2580 Ol.
1173 2551 1259 2581 lxxii.
1283 2553 1314 2582 4.
1341 2551 1394 2592 qui
1416 2550 1551 2591 proximi
1574 2563 1592 2581 a
1616 2563 1724 2592 pugna

289 2603 492 2637 Marathonia
519 2602 659 2634 fuerunt.
834 2606 865 2633 1.
889 2600 1044 2632 Εἰλείθυιαι
1066 2601 1199 2642 primum
1224 2607 1369 2641 corrupte
1394 2601 1493 2632 Brub.
1510 2601 1582 2632 inde
1600 2602 1726 2633 Motell.

332 2716 428 2745 1—6.
449 2711 515 2743 Cur
532 2710 693 2751 Ilithyiam
721 2711 847 2742 invocet
862 2709 979 2740 Pinda-
1036 2709 1100 2741 tici.
1143 2708 1373 2751 Aristodemus,
1389 2710 1564 2741 Aristarchi
1589 2710 1726 2752 discipu-

293 2773 354 2803 rus,
385 2762 481 2794 multa
507 2760 788 2792 comminiscuntur
819 2760 980 2791 Gramma·
1038 2759 1100 2800 lus,
1116 2759 1302 2802 tradiderat,
1317 2760 1487 2792 Thearioni
1501 2761 1568 2792 seni
1593 2772 1632 2792 ex
1647 2761 1724 2792 votis
