<?xml version="1.0" encoding="UTF-8"?>
<!DOCTYPE html PUBLIC "-//W3C//DTD XHTML 1.0 Transitional//EN"
    "http://www.w3.org/TR/xhtml1/DTD/xhtml1-transitional.dtd">
<html xmlns="http://www.w3.org/1999/xhtml" xml:lang="en" lang="en">
 <head>
  <title>
</title>
<meta http-equiv="Content-Type" content="text/html;charset=utf-8" />
  <meta name='ocr-system' content='tesseract 3.04.00' />
  <meta name='ocr-capabilities' content='ocr_page ocr_carea ocr_par ocr_line ocrx_word'/>
</head>
<body>
  <div class='ocr_page' id='page_1' title='image "./carminacumlectio01pinduoft_0035.png"; bbox 0 0 1877 3137; ppageno 0'>
   <div class='ocr_carea' id='block_1_1' title="bbox 707 225 1663 271">
    <p class='ocr_par' dir='ltr' id='par_1_1' title="bbox 707 225 1663 271">
     <span class='ocr_line' id='line_1_1' title="bbox 707 225 1663 271; baseline 0.001 -1"><span class='ocrx_word' id='word_1_1' title='bbox 707 225 1096 270; x_wconf 83' lang='lat' dir='ltr'><strong>PRAEFATIO.</strong></span> <span class='ocrx_word' id='word_1_2' title='bbox 1579 243 1663 271; x_wconf 83' lang='lat' dir='ltr'>xxv</span> 
     </span>
    </p>
   </div>
   <div class='ocr_carea' id='block_1_2' title="bbox 210 355 1660 1713">
    <p class='ocr_par' dir='ltr' id='par_1_2' title="bbox 277 355 1660 586">
     <span class='ocr_line' id='line_1_2' title="bbox 277 355 1658 415; baseline -0.002 -14"><span class='ocrx_word' id='word_1_3' title='bbox 277 358 461 415; x_wconf 75' lang='grc' dir='ltr'>Πινδάρου</span> <span class='ocrx_word' id='word_1_4' title='bbox 481 356 694 412; x_wconf 78' lang='grc' dir='ltr'>Ὀλύμπια.</span> <span class='ocrx_word' id='word_1_5' title='bbox 712 355 861 399; x_wconf 69' lang='grc' dir='ltr'><strong><em>Πύθια.</em></strong></span> <span class='ocrx_word' id='word_1_6' title='bbox 878 355 1024 410; x_wconf 61' lang='grc' dir='ltr'>Νέμεα.</span> <span class='ocrx_word' id='word_1_7' title='bbox 1040 357 1218 407; x_wconf 70' lang='grc' dir='ltr'>Ἴσθμια.</span> <span class='ocrx_word' id='word_1_8' title='bbox 1240 374 1285 387; x_wconf 84' lang='lat'>--</span> <span class='ocrx_word' id='word_1_9' title='bbox 1302 355 1459 404; x_wconf 74' lang='lat' dir='ltr'>subjecto</span> <span class='ocrx_word' id='word_1_10' title='bbox 1480 357 1658 398; x_wconf 81' lang='lat' dir='ltr'>Callima-</span> 
     </span>
     <span class='ocr_line' id='line_1_3' title="bbox 327 421 1660 474; baseline -0.001 -11"><span class='ocrx_word' id='word_1_11' title='bbox 327 426 407 469; x_wconf 75' lang='lat' dir='ltr'>eho,</span> <span class='ocrx_word' id='word_1_12' title='bbox 427 426 609 474; x_wconf 82' lang='lat' dir='ltr'>Dionysio</span> <span class='ocrx_word' id='word_1_13' title='bbox 629 425 674 461; x_wconf 83' lang='lat' dir='ltr'>de</span> <span class='ocrx_word' id='word_1_14' title='bbox 691 425 765 461; x_wconf 81' lang='lat' dir='ltr'>situ</span> <span class='ocrx_word' id='word_1_15' title='bbox 783 424 879 460; x_wconf 83' lang='lat' dir='ltr'>orbis</span> <span class='ocrx_word' id='word_1_16' title='bbox 898 427 934 460; x_wconf 78' lang='lat' dir='ltr'>et</span> <span class='ocrx_word' id='word_1_17' title='bbox 954 422 1204 471; x_wconf 80' lang='lat' dir='ltr'><em>Lycophronis</em></span> <span class='ocrx_word' id='word_1_18' title='bbox 1232 421 1474 460; x_wconf 78' lang='lat' dir='ltr'><em>Alexandria.</em></span> <span class='ocrx_word' id='word_1_19' title='bbox 1505 423 1660 473; x_wconf 88' lang='lat' dir='ltr'>(omnia</span> 
     </span>
     <span class='ocr_line' id='line_1_4' title="bbox 324 482 1658 537; baseline -0.001 -13"><span class='ocrx_word' id='word_1_20' title='bbox 324 487 491 537; x_wconf 83' lang='lat' dir='ltr'>graece).</span> <span class='ocrx_word' id='word_1_21' title='bbox 526 486 707 524; x_wconf 81' lang='lat' dir='ltr'>venetiis</span> <span class='ocrx_word' id='word_1_22' title='bbox 749 486 792 522; x_wconf 90' lang='lat' dir='ltr'>in</span> <span class='ocrx_word' id='word_1_23' title='bbox 814 485 931 522; x_wconf 86' lang='lat' dir='ltr'>aedib.</span> <span class='ocrx_word' id='word_1_24' title='bbox 958 484 1048 521; x_wconf 91' lang='lat' dir='ltr'>Aldi</span> <span class='ocrx_word' id='word_1_25' title='bbox 1081 488 1121 521; x_wconf 86' lang='lat' dir='ltr'>et</span> <span class='ocrx_word' id='word_1_26' title='bbox 1141 482 1308 520; x_wconf 84' lang='lat' dir='ltr'>Andreae</span> <span class='ocrx_word' id='word_1_27' title='bbox 1338 482 1501 521; x_wconf 88' lang='lat' dir='ltr'>Asulani</span> <span class='ocrx_word' id='word_1_28' title='bbox 1521 488 1658 532; x_wconf 81' lang='lat' dir='ltr'>soceri,</span> 
     </span>
     <span class='ocr_line' id='line_1_5' title="bbox 323 545 1108 586; baseline -0.005 -1"><span class='ocrx_word' id='word_1_29' title='bbox 323 560 462 586; x_wconf 90' lang='lat' dir='ltr'>mense</span> <span class='ocrx_word' id='word_1_30' title='bbox 480 547 675 586; x_wconf 81' lang='lat' dir='ltr'>Januario</span> <span class='ocrx_word' id='word_1_31' title='bbox 697 547 815 585; x_wconf 84' lang='lat'>1513.</span> <span class='ocrx_word' id='word_1_32' title='bbox 843 546 881 584; x_wconf 84' lang='lat'>8.</span> <span class='ocrx_word' id='word_1_33' title='bbox 911 546 981 582; x_wconf 84' lang='lat' dir='ltr'>fol.</span> <span class='ocrx_word' id='word_1_34' title='bbox 1009 545 1108 586; x_wconf 85' lang='lat'><strong>373.</strong></span> 
     </span>
    </p>

    <p class='ocr_par' dir='ltr' id='par_1_3' title="bbox 212 604 1660 1399">
     <span class='ocr_line' id='line_1_6' title="bbox 272 604 1658 656; baseline 0 -10"><span class='ocrx_word' id='word_1_35' title='bbox 272 609 439 648; x_wconf 84' lang='lat' dir='ltr'>Praefixa</span> <span class='ocrx_word' id='word_1_36' title='bbox 456 615 514 649; x_wconf 86' lang='lat' dir='ltr'>est</span> <span class='ocrx_word' id='word_1_37' title='bbox 533 609 623 647; x_wconf 91' lang='lat' dir='ltr'>Aldi</span> <span class='ocrx_word' id='word_1_38' title='bbox 642 608 819 647; x_wconf 83' lang='lat' dir='ltr'>Manutii</span> <span class='ocrx_word' id='word_1_39' title='bbox 839 607 890 645; x_wconf 90' lang='lat' dir='ltr'>ad</span> <span class='ocrx_word' id='word_1_40' title='bbox 910 606 1011 645; x_wconf 89' lang='lat' dir='ltr'>And.</span> <span class='ocrx_word' id='word_1_41' title='bbox 1039 605 1293 656; x_wconf 80' lang='lat' dir='ltr'><strong>Naugerium</strong></span> <span class='ocrx_word' id='word_1_42' title='bbox 1312 604 1479 654; x_wconf 84' lang='lat' dir='ltr'>epistola</span> <span class='ocrx_word' id='word_1_43' title='bbox 1495 619 1518 644; x_wconf 90' lang='lat' dir='ltr'>a</span> <span class='ocrx_word' id='word_1_44' title='bbox 1536 606 1658 646; x_wconf 85' lang='lat' dir='ltr'>Mait-</span> 
     </span>
     <span class='ocr_line' id='line_1_7' title="bbox 220 669 1657 723; baseline -0.001 -12"><span class='ocrx_word' id='word_1_45' title='bbox 220 672 335 711; x_wconf 87' lang='lat' dir='ltr'>tairio</span> <span class='ocrx_word' id='word_1_46' title='bbox 366 685 524 723; x_wconf 91' lang='lat' dir='ltr'>quoque</span> <span class='ocrx_word' id='word_1_47' title='bbox 544 672 746 711; x_wconf 88' lang='lat' dir='ltr'>redhibita</span> <span class='ocrx_word' id='word_1_48' title='bbox 776 671 923 709; x_wconf 86' lang='lat' dir='ltr'>Annal.</span> <span class='ocrx_word' id='word_1_49' title='bbox 950 676 981 708; x_wconf 91' lang='lat' dir='ltr'>t.</span> <span class='ocrx_word' id='word_1_50' title='bbox 1001 671 1041 708; x_wconf 88' lang='lat' dir='ltr'>ii.</span> <span class='ocrx_word' id='word_1_51' title='bbox 1069 683 1108 719; x_wconf 91' lang='lat' dir='ltr'>p.</span> <span class='ocrx_word' id='word_1_52' title='bbox 1142 669 1228 707; x_wconf 76' lang='lat'>148.</span> <span class='ocrx_word' id='word_1_53' title='bbox 1274 669 1313 706; x_wconf 90' lang='lat' dir='ltr'>in</span> <span class='ocrx_word' id='word_1_54' title='bbox 1345 680 1424 717; x_wconf 86' lang='lat' dir='ltr'>qua</span> <span class='ocrx_word' id='word_1_55' title='bbox 1443 670 1657 720; x_wconf 86' lang='lat' dir='ltr'>significat,</span> 
     </span>
     <span class='ocr_line' id='line_1_8' title="bbox 218 732 1660 782; baseline -0.001 -10"><span class='ocrx_word' id='word_1_56' title='bbox 218 734 390 782; x_wconf 85' lang='lat' dir='ltr'>primum</span> <span class='ocrx_word' id='word_1_57' title='bbox 422 735 530 772; x_wconf 90' lang='lat' dir='ltr'>hunc</span> <span class='ocrx_word' id='word_1_58' title='bbox 559 745 644 771; x_wconf 87' lang='lat' dir='ltr'>esse</span> <span class='ocrx_word' id='word_1_59' title='bbox 663 746 684 770; x_wconf 93' lang='lat' dir='ltr'>e</span> <span class='ocrx_word' id='word_1_60' title='bbox 704 733 961 782; x_wconf 84' lang='lat' dir='ltr'>scriptoribus</span> <span class='ocrx_word' id='word_1_61' title='bbox 993 732 1146 782; x_wconf 82' lang='lat' dir='ltr'>graeciS‚</span> <span class='ocrx_word' id='word_1_62' title='bbox 1175 742 1274 779; x_wconf 88' lang='lat' dir='ltr'>quos</span> <span class='ocrx_word' id='word_1_63' title='bbox 1293 743 1458 769; x_wconf 87' lang='lat' dir='ltr'>excusos</span> <span class='ocrx_word' id='word_1_64' title='bbox 1479 733 1660 771; x_wconf 80' lang='lat' dir='ltr'><strong>emittere</strong></span> 
     </span>
     <span class='ocr_line' id='line_1_9' title="bbox 217 793 1657 844; baseline -0.001 -10"><span class='ocrx_word' id='word_1_65' title='bbox 217 797 467 835; x_wconf 84' lang='lat' dir='ltr'>constituerit</span> <span class='ocrx_word' id='word_1_66' title='bbox 481 812 551 843; x_wconf 83' lang='lat'>3—-</span> <span class='ocrx_word' id='word_1_67' title='bbox 570 795 607 832; x_wconf 91' lang='lat' dir='ltr'>N</span> <span class='ocrx_word' id='word_1_68' title='bbox 611 794 773 844; x_wconf 88' lang='lat' dir='ltr'>augerio</span> <span class='ocrx_word' id='word_1_69' title='bbox 789 807 830 831; x_wconf 85' lang='lat' dir='ltr'>se</span> <span class='ocrx_word' id='word_1_70' title='bbox 846 794 1058 832; x_wconf 84' lang='lat' dir='ltr'>inscribere</span> <span class='ocrx_word' id='word_1_71' title='bbox 1066 793 1283 830; x_wconf 88' lang='lat' dir='ltr'>Pindarum</span> <span class='ocrx_word' id='word_1_72' title='bbox 1301 793 1422 830; x_wconf 84' lang='lat' dir='ltr'>etiam·</span> <span class='ocrx_word' id='word_1_73' title='bbox 1442 800 1657 843; x_wconf 86' lang='lat' dir='ltr'>propterea,</span> 
     </span>
     <span class='ocr_line' id='line_1_10' title="bbox 217 855 1658 907; baseline -0.001 -12"><span class='ocrx_word' id='word_1_74' title='bbox 217 861 318 907; x_wconf 77' lang='lat' dir='ltr'>quia,</span> <span class='ocrx_word' id='word_1_75' title='bbox 334 858 482 907; x_wconf 88' lang='lat' dir='ltr'>inquit,</span> <span class='ocrx_word' id='word_1_76' title='bbox 511 858 563 895; x_wconf 74' lang='lat' dir='ltr'>sic</span> <span class='ocrx_word' id='word_1_77' title='bbox 577 857 771 894; x_wconf 83' lang='lat' dir='ltr'>delectaris</span> <span class='ocrx_word' id='word_1_78' title='bbox 791 855 857 892; x_wconf 85' lang='lat' dir='ltr'>hoc</span> <span class='ocrx_word' id='word_1_79' title='bbox 884 860 1009 903; x_wconf 78' lang='lat' dir='ltr'>poeta,</span> <span class='ocrx_word' id='word_1_80' title='bbox 1031 860 1073 891; x_wconf 81' lang='lat' dir='ltr'>ut</span> <span class='ocrx_word' id='word_1_81' title='bbox 1087 867 1188 902; x_wconf 78' lang='lat' dir='ltr'>saepe</span> <span class='ocrx_word' id='word_1_82' title='bbox 1217 866 1297 890; x_wconf 81' lang='lat' dir='ltr'>eum</span> <span class='ocrx_word' id='word_1_83' title='bbox 1318 859 1383 890; x_wconf 80' lang='lat' dir='ltr'>tua</span> <span class='ocrx_word' id='word_1_84' title='bbox 1410 867 1522 892; x_wconf 74' lang='lat' dir='ltr'>maria</span> <span class='ocrx_word' id='word_1_85' title='bbox 1549 869 1658 894; x_wconf 80' lang='lat' dir='ltr'>accu-</span> 
     </span>
     <span class='ocr_line' id='line_1_11' title="bbox 217 914 1658 967; baseline -0.001 -11"><span class='ocrx_word' id='word_1_86' title='bbox 217 925 300 956; x_wconf 82' lang='lat' dir='ltr'>rate</span> <span class='ocrx_word' id='word_1_87' title='bbox 318 920 569 967; x_wconf 82' lang='lat' dir='ltr'>descripseris,·</span> <span class='ocrx_word' id='word_1_88' title='bbox 593 922 700 967; x_wconf 81' lang='lat' dir='ltr'>patO,</span> <span class='ocrx_word' id='word_1_89' title='bbox 720 921 762 952; x_wconf 80' lang='lat' dir='ltr'>ut</span> <span class='ocrx_word' id='word_1_90' title='bbox 783 916 848 952; x_wconf 76' lang='lat' dir='ltr'>tibi</span> <span class='ocrx_word' id='word_1_91' title='bbox 865 917 981 964; x_wconf 83' lang='lat' dir='ltr'>magis</span> <span class='ocrx_word' id='word_1_92' title='bbox 985 915 1097 963; x_wconf 83' lang='lat' dir='ltr'>fieret</span> <span class='ocrx_word' id='word_1_93' title='bbox 1099 914 1321 964; x_wconf 85' lang='lat' dir='ltr'>familiaris,</span> <span class='ocrx_word' id='word_1_94' title='bbox 1338 920 1414 951; x_wconf 82' lang='lat' dir='ltr'>tum</span> <span class='ocrx_word' id='word_1_95' title='bbox 1428 924 1468 952; x_wconf 80' lang='lat' dir='ltr'>ut</span> <span class='ocrx_word' id='word_1_96' title='bbox 1485 919 1658 955; x_wconf 80' lang='lat' dir='ltr'>ediscere-</span> 
     </span>
     <span class='ocr_line' id='line_1_12' title="bbox 217 976 1659 1029; baseline -0.001 -11"><span class='ocrx_word' id='word_1_97' title='bbox 217 988 278 1018; x_wconf 84' lang='lat' dir='ltr'>tur</span> <span class='ocrx_word' id='word_1_98' title='bbox 297 993 321 1017; x_wconf 91' lang='lat' dir='ltr'>a</span> <span class='ocrx_word' id='word_1_99' title='bbox 341 985 376 1017; x_wconf 81' lang='lat' dir='ltr'>te</span> <span class='ocrx_word' id='word_1_100' title='bbox 377 979 538 1029; x_wconf 80' lang='lat' dir='ltr'>facilius</span> <span class='ocrx_word' id='word_1_101' title='bbox 557 984 592 1016; x_wconf 82' lang='lat' dir='ltr'>et</span> <span class='ocrx_word' id='word_1_102' title='bbox 610 982 793 1015; x_wconf 74' lang='lat' dir='ltr'>teneretur</span> <span class='ocrx_word' id='word_1_103' title='bbox 811 978 984 1014; x_wconf 83' lang='lat' dir='ltr'>memoria</span> <span class='ocrx_word' id='word_1_104' title='bbox 1002 978 1175 1014; x_wconf 74' lang='lat' dir='ltr'><em>tenacius.</em></span> <span class='ocrx_word' id='word_1_105' title='bbox 1220 976 1324 1013; x_wconf 86' lang='lat' dir='ltr'>Fieri</span> <span class='ocrx_word' id='word_1_106' title='bbox 1344 988 1437 1027; x_wconf 85' lang='lat' dir='ltr'>ergo</span> <span class='ocrx_word' id='word_1_107' title='bbox 1452 983 1593 1026; x_wconf 89' lang='lat' dir='ltr'>potest,</span> <span class='ocrx_word' id='word_1_108' title='bbox 1614 984 1659 1016; x_wconf 89' lang='lat' dir='ltr'>ut</span> 
     </span>
     <span class='ocr_line' id='line_1_13' title="bbox 216 1036 1656 1087; baseline -0.001 -8"><span class='ocrx_word' id='word_1_109' title='bbox 216 1043 322 1080; x_wconf 89' lang='lat' dir='ltr'>inter</span> <span class='ocrx_word' id='word_1_110' title='bbox 337 1041 573 1078; x_wconf 86' lang='lat' dir='ltr'>recentiores</span> <span class='ocrx_word' id='word_1_111' title='bbox 592 1039 746 1076; x_wconf 87' lang='lat' dir='ltr'>codices</span> <span class='ocrx_word' id='word_1_112' title='bbox 766 1039 847 1075; x_wconf 88' lang='lat' dir='ltr'>sint</span> <span class='ocrx_word' id='word_1_113' title='bbox 868 1038 1057 1076; x_wconf 87' lang='lat' dir='ltr'>nonnulli</span> <span class='ocrx_word' id='word_1_114' title='bbox 1076 1036 1334 1087; x_wconf 83' lang='lat' dir='ltr'>Naugeriano</span> <span class='ocrx_word' id='word_1_115' title='bbox 1348 1039 1499 1077; x_wconf 87' lang='lat' dir='ltr'>calamo</span> <span class='ocrx_word' id='word_1_116' title='bbox 1519 1051 1656 1078; x_wconf 83' lang='lat' dir='ltr'>exara-</span> 
     </span>
     <span class='ocr_line' id='line_1_14' title="bbox 215 1099 1655 1148; baseline 0 -9"><span class='ocrx_word' id='word_1_117' title='bbox 215 1102 259 1139; x_wconf 88' lang='lat' dir='ltr'>ti.</span> <span class='ocrx_word' id='word_1_118' title='bbox 313 1101 399 1139; x_wconf 92' lang='lat' dir='ltr'>Nec</span> <span class='ocrx_word' id='word_1_119' title='bbox 417 1101 592 1138; x_wconf 88' lang='lat' dir='ltr'>multum</span> <span class='ocrx_word' id='word_1_120' title='bbox 612 1101 766 1143; x_wconf 85' lang='lat' dir='ltr'>absum,</span> <span class='ocrx_word' id='word_1_121' title='bbox 787 1099 884 1148; x_wconf 84' lang='lat' dir='ltr'>quin</span> <span class='ocrx_word' id='word_1_122' title='bbox 906 1099 954 1136; x_wconf 90' lang='lat' dir='ltr'>ad</span> <span class='ocrx_word' id='word_1_123' title='bbox 989 1099 1076 1142; x_wconf 88' lang='lat' dir='ltr'>hos,</span> <span class='ocrx_word' id='word_1_124' title='bbox 1108 1099 1250 1135; x_wconf 88' lang='lat' dir='ltr'>saltem</span> <span class='ocrx_word' id='word_1_125' title='bbox 1287 1105 1474 1148; x_wconf 82' lang='lat' dir='ltr'>tanquam</span> <span class='ocrx_word' id='word_1_126' title='bbox 1508 1101 1655 1147; x_wconf 87' lang='lat' dir='ltr'>fontes,</span> 
     </span>
     <span class='ocr_line' id='line_1_15' title="bbox 212 1159 1657 1212; baseline 0.001 -12"><span class='ocrx_word' id='word_1_127' title='bbox 212 1163 378 1204; x_wconf 90' lang='lat' dir='ltr'>referam</span> <span class='ocrx_word' id='word_1_128' title='bbox 394 1163 621 1200; x_wconf 83' lang='lat' dir='ltr'>Palatinum</span> <span class='ocrx_word' id='word_1_129' title='bbox 636 1162 681 1198; x_wconf 93' lang='lat' dir='ltr'>C.</span> <span class='ocrx_word' id='word_1_130' title='bbox 704 1160 969 1198; x_wconf 90' lang='lat' dir='ltr'>Bodleianum</span> <span class='ocrx_word' id='word_1_131' title='bbox 985 1160 1030 1197; x_wconf 93' lang='lat' dir='ltr'>C.</span> <span class='ocrx_word' id='word_1_132' title='bbox 1045 1166 1085 1197; x_wconf 87' lang='lat' dir='ltr'>et</span> <span class='ocrx_word' id='word_1_133' title='bbox 1101 1159 1392 1210; x_wconf 85' lang='lat' dir='ltr'>Augustanum.</span> <span class='ocrx_word' id='word_1_134' title='bbox 1411 1161 1550 1199; x_wconf 84' lang='lat' dir='ltr'>Paullo</span> <span class='ocrx_word' id='word_1_135' title='bbox 1566 1169 1657 1212; x_wconf 87' lang='lat' dir='ltr'>post</span> 
     </span>
     <span class='ocr_line' id='line_1_16' title="bbox 215 1223 1656 1276; baseline 0.001 -14"><span class='ocrx_word' id='word_1_136' title='bbox 215 1223 427 1276; x_wconf 85' lang='lat' dir='ltr'>subjungit</span> <span class='ocrx_word' id='word_1_137' title='bbox 442 1225 565 1262; x_wconf 87' lang='lat' dir='ltr'>Aldus</span> <span class='ocrx_word' id='word_1_138' title='bbox 583 1239 591 1263; x_wconf 92' lang='lat'>:</span> <span class='ocrx_word' id='word_1_139' title='bbox 623 1224 892 1261; x_wconf 77' lang='lat' dir='ltr'>commentaria</span> <span class='ocrx_word' id='word_1_140' title='bbox 910 1228 1032 1260; x_wconf 79' lang='lat' dir='ltr'>autem</span> <span class='ocrx_word' id='word_1_141' title='bbox 1051 1225 1090 1261; x_wconf 84' lang='lat' dir='ltr'>in</span> <span class='ocrx_word' id='word_1_142' title='bbox 1110 1224 1316 1260; x_wconf 79' lang='lat' dir='ltr'>Pindarum</span> <span class='ocrx_word' id='word_1_143' title='bbox 1336 1229 1371 1261; x_wconf 80' lang='lat' dir='ltr'>et</span> <span class='ocrx_word' id='word_1_144' title='bbox 1399 1230 1548 1270; x_wconf 79' lang='lat' dir='ltr'>ceteros,</span> <span class='ocrx_word' id='word_1_145' title='bbox 1569 1239 1656 1274; x_wconf 83' lang='lat' dir='ltr'>quos</span> 
     </span>
     <span class='ocr_line' id='line_1_17' title="bbox 214 1283 1655 1335; baseline 0 -10"><span class='ocrx_word' id='word_1_146' title='bbox 214 1289 247 1324; x_wconf 87' lang='lat' dir='ltr'>ei</span> <span class='ocrx_word' id='word_1_147' title='bbox 264 1286 416 1335; x_wconf 74' lang='lat' dir='ltr'>adjunxi</span> <span class='ocrx_word' id='word_1_148' title='bbox 436 1289 594 1330; x_wconf 72' lang='lat' dir='ltr'>comites,</span> <span class='ocrx_word' id='word_1_149' title='bbox 615 1298 679 1323; x_wconf 84' lang='lat' dir='ltr'>nec</span> <span class='ocrx_word' id='word_1_150' title='bbox 697 1298 768 1323; x_wconf 81' lang='lat' dir='ltr'>rion</span> <span class='ocrx_word' id='word_1_151' title='bbox 785 1287 822 1322; x_wconf 80' lang='lat' dir='ltr'>in</span> <span class='ocrx_word' id='word_1_152' title='bbox 838 1283 1052 1329; x_wconf 84' lang='lat' dir='ltr'>Hesiodum,</span> <span class='ocrx_word' id='word_1_153' title='bbox 1063 1285 1293 1334; x_wconf 81' lang='lat' dir='ltr'>Sophoclem,</span> <span class='ocrx_word' id='word_1_154' title='bbox 1313 1285 1542 1335; x_wconf 82' lang='lat' dir='ltr'>Euripidem,</span> <span class='ocrx_word' id='word_1_155' title='bbox 1563 1288 1655 1325; x_wconf 84' lang='lat' dir='ltr'>AEs·</span> 
     </span>
     <span class='ocr_line' id='line_1_18' title="bbox 215 1347 1575 1399; baseline 0.001 -13"><span class='ocrx_word' id='word_1_156' title='bbox 215 1350 371 1399; x_wconf 83' lang='lat' dir='ltr'>chylum,</span> <span class='ocrx_word' id='word_1_157' title='bbox 397 1349 638 1394; x_wconf 77' lang='lat' dir='ltr'>Theocritum,</span> <span class='ocrx_word' id='word_1_158' title='bbox 661 1350 883 1397; x_wconf 79' lang='lat' dir='ltr'>Oppianum,</span> <span class='ocrx_word' id='word_1_159' title='bbox 904 1347 1002 1384; x_wconf 86' lang='lat' dir='ltr'>brevi</span> <span class='ocrx_word' id='word_1_160' title='bbox 1015 1348 1142 1386; x_wconf 84' lang='lat' dir='ltr'>daturi</span> <span class='ocrx_word' id='word_1_161' title='bbox 1156 1360 1277 1385; x_wconf 83' lang='lat' dir='ltr'>sumus</span> <span class='ocrx_word' id='word_1_162' title='bbox 1293 1360 1363 1384; x_wconf 85' lang='lat' dir='ltr'>uno</span> <span class='ocrx_word' id='word_1_163' title='bbox 1382 1349 1575 1388; x_wconf 80' lang='lat' dir='ltr'>volumine.</span> 
     </span>
    </p>

    <p class='ocr_par' dir='ltr' id='par_1_4' title="bbox 210 1409 1658 1646">
     <span class='ocr_line' id='line_1_19' title="bbox 265 1409 1658 1452; baseline 0.001 -4"><span class='ocrx_word' id='word_1_164' title='bbox 265 1411 384 1452; x_wconf 83' lang='lat' dir='ltr'>Quod</span> <span class='ocrx_word' id='word_1_165' title='bbox 415 1411 604 1448; x_wconf 89' lang='lat' dir='ltr'>volumen</span> <span class='ocrx_word' id='word_1_166' title='bbox 625 1421 716 1448; x_wconf 91' lang='lat' dir='ltr'>cum</span> <span class='ocrx_word' id='word_1_167' title='bbox 737 1409 826 1446; x_wconf 85' lang='lat' dir='ltr'>aliis</span> <span class='ocrx_word' id='word_1_168' title='bbox 845 1409 935 1446; x_wconf 88' lang='lat' dir='ltr'>Aldi</span> <span class='ocrx_word' id='word_1_169' title='bbox 972 1409 1173 1447; x_wconf 86' lang='lat' dir='ltr'>meditatis</span> <span class='ocrx_word' id='word_1_170' title='bbox 1202 1409 1445 1447; x_wconf 85' lang='lat' dir='ltr'>intercidisse</span> <span class='ocrx_word' id='word_1_171' title='bbox 1464 1411 1658 1450; x_wconf 86' lang='lat' dir='ltr'>dolemus.</span> 
     </span>
     <span class='ocr_line' id='line_1_20' title="bbox 210 1471 1657 1523; baseline 0.001 -13"><span class='ocrx_word' id='word_1_172' title='bbox 210 1473 261 1514; x_wconf 80' lang='lat'>111</span> <span class='ocrx_word' id='word_1_173' title='bbox 277 1473 474 1523; x_wconf 85' lang='lat' dir='ltr'>Olympiis</span> <span class='ocrx_word' id='word_1_174' title='bbox 489 1485 578 1511; x_wconf 89' lang='lat' dir='ltr'>eum</span> <span class='ocrx_word' id='word_1_175' title='bbox 598 1471 855 1510; x_wconf 87' lang='lat' dir='ltr'>recentiorem</span> <span class='ocrx_word' id='word_1_176' title='bbox 869 1471 1087 1517; x_wconf 87' lang='lat' dir='ltr'>codicem,</span> <span class='ocrx_word' id='word_1_177' title='bbox 1077 1484 1120 1510; x_wconf 90' lang='lat' dir='ltr'>1n</span> <span class='ocrx_word' id='word_1_178' title='bbox 1138 1471 1288 1522; x_wconf 89' lang='lat' dir='ltr'>Pythiis</span> <span class='ocrx_word' id='word_1_179' title='bbox 1305 1477 1344 1508; x_wconf 87' lang='lat' dir='ltr'>et</span> <span class='ocrx_word' id='word_1_180' title='bbox 1356 1471 1519 1510; x_wconf 89' lang='lat' dir='ltr'>Nemeis</span> <span class='ocrx_word' id='word_1_181' title='bbox 1532 1473 1657 1523; x_wconf 87' lang='lat' dir='ltr'>longe</span> 
     </span>
     <span class='ocr_line' id='line_1_21' title="bbox 212 1533 1654 1583; baseline 0.001 -11"><span class='ocrx_word' id='word_1_182' title='bbox 212 1536 541 1583; x_wconf 76' lang='lat' dir='ltr'>praestantiorem,</span> <span class='ocrx_word' id='word_1_183' title='bbox 558 1546 631 1572; x_wconf 88' lang='lat' dir='ltr'>nec</span> <span class='ocrx_word' id='word_1_184' title='bbox 663 1534 797 1571; x_wconf 89' lang='lat' dir='ltr'>minus</span> <span class='ocrx_word' id='word_1_185' title='bbox 813 1538 1001 1577; x_wconf 87' lang='lat' dir='ltr'>veterem,</span> <span class='ocrx_word' id='word_1_186' title='bbox 1034 1533 1102 1570; x_wconf 84' lang='lat' dir='ltr'>sed</span> <span class='ocrx_word' id='word_1_187' title='bbox 1134 1538 1376 1583; x_wconf 89' lang='lat' dir='ltr'>corruptum,</span> <span class='ocrx_word' id='word_1_188' title='bbox 1394 1535 1437 1572; x_wconf 91' lang='lat' dir='ltr'>in</span> <span class='ocrx_word' id='word_1_189' title='bbox 1475 1533 1654 1573; x_wconf 86' lang='lat' dir='ltr'>Isthmiis</span> 
     </span>
     <span class='ocr_line' id='line_1_22' title="bbox 211 1594 1171 1646; baseline -0.003 -12"><span class='ocrx_word' id='word_1_190' title='bbox 211 1598 444 1646; x_wconf 81' lang='lat' dir='ltr'>expressisse</span> <span class='ocrx_word' id='word_1_191' title='bbox 456 1597 593 1640; x_wconf 82' lang='lat' dir='ltr'>videri,</span> <span class='ocrx_word' id='word_1_192' title='bbox 605 1594 691 1642; x_wconf 84' lang='lat' dir='ltr'>jam</span> <span class='ocrx_word' id='word_1_193' title='bbox 708 1596 750 1632; x_wconf 92' lang='lat' dir='ltr'>in</span> <span class='ocrx_word' id='word_1_194' title='bbox 768 1594 1000 1644; x_wconf 77' lang='lat' dir='ltr'>praefatione</span> <span class='ocrx_word' id='word_1_195' title='bbox 1020 1596 1171 1635; x_wconf 89' lang='lat' dir='ltr'>monui</span> 
     </span>
    </p>

    <p class='ocr_par' dir='ltr' id='par_1_5' title="bbox 267 1655 1651 1713">
     <span class='ocr_line' id='line_1_23' title="bbox 267 1655 1651 1713; baseline -0.001 -15"><span class='ocrx_word' id='word_1_196' title='bbox 267 1655 453 1713; x_wconf 76' lang='grc' dir='ltr'><em>Πινδάρου</em></span> <span class='ocrx_word' id='word_1_197' title='bbox 471 1680 524 1687; x_wconf 94' lang='grc'><strong>-</strong></span> <span class='ocrx_word' id='word_1_198' title='bbox 545 1657 708 1709; x_wconf 86' lang='lat' dir='ltr'>(graece)</span> <span class='ocrx_word' id='word_1_199' title='bbox 743 1656 914 1706; x_wconf 79' lang='lat' dir='ltr'>Impressi</span> <span class='ocrx_word' id='word_1_200' title='bbox 946 1669 1013 1706; x_wconf 88' lang='lat' dir='ltr'>per</span> <span class='ocrx_word' id='word_1_201' title='bbox 1048 1657 1270 1695; x_wconf 81' lang='lat' dir='ltr'>Zachariam</span> <span class='ocrx_word' id='word_1_202' title='bbox 1306 1655 1455 1706; x_wconf 80' lang='lat' dir='ltr'>Calergi</span> <span class='ocrx_word' id='word_1_203' title='bbox 1476 1657 1550 1708; x_wconf 87' lang='lat' dir='ltr'>(ita</span> <span class='ocrx_word' id='word_1_204' title='bbox 1579 1670 1651 1708; x_wconf 89' lang='lat' dir='ltr'>pro</span> 
     </span>
    </p>
   </div>
   <div class='ocr_carea' id='block_1_3' title="bbox 206 1718 1655 2389">
    <p class='ocr_par' dir='ltr' id='par_1_6' title="bbox 316 1718 1655 2022">
     <span class='ocr_line' id='line_1_24' title="bbox 319 1718 1655 1776; baseline 0.001 -17"><span class='ocrx_word' id='word_1_205' title='bbox 319 1724 521 1774; x_wconf 89' lang='lat' dir='ltr'>Calliergi,</span> <span class='ocrx_word' id='word_1_206' title='bbox 560 1720 809 1776; x_wconf 79' lang='grc' dir='ltr'><strong><em>Καλλιέργου</em></strong></span> <span class='ocrx_word' id='word_1_207' title='bbox 829 1736 854 1762; x_wconf 85' lang='lat' dir='ltr'>a</span> <span class='ocrx_word' id='word_1_208' title='bbox 875 1718 1139 1776; x_wconf 79' lang='grc' dir='ltr'>Καλλιέργης)</span> <span class='ocrx_word' id='word_1_209' title='bbox 1164 1722 1369 1760; x_wconf 80' lang='lat' dir='ltr'>Cretensem</span> <span class='ocrx_word' id='word_1_210' title='bbox 1401 1742 1455 1750; x_wconf 93' lang='lat'>—-</span> <span class='ocrx_word' id='word_1_211' title='bbox 1475 1723 1516 1759; x_wconf 89' lang='lat' dir='ltr'>in</span> <span class='ocrx_word' id='word_1_212' title='bbox 1539 1723 1655 1761; x_wconf 82' lang='lat' dir='ltr'>aedib.</span> 
     </span>
     <span class='ocr_line' id='line_1_25' title="bbox 317 1782 1652 1840; baseline 0.001 -19"><span class='ocrx_word' id='word_1_213' title='bbox 317 1784 537 1834; x_wconf 82' lang='lat' dir='ltr'>Augustini</span> <span class='ocrx_word' id='word_1_214' title='bbox 587 1788 684 1825; x_wconf 90' lang='lat' dir='ltr'>Cisii</span> <span class='ocrx_word' id='word_1_215' title='bbox 709 1789 790 1840; x_wconf 81' lang='grc' dir='ltr'>(τοῦ</span> <span class='ocrx_word' id='word_1_216' title='bbox 833 1784 1005 1833; x_wconf 76' lang='grc' dir='ltr'>Κισῖου),</span> <span class='ocrx_word' id='word_1_217' title='bbox 1043 1782 1222 1833; x_wconf 81' lang='lat' dir='ltr'>ejusdem</span> <span class='ocrx_word' id='word_1_218' title='bbox 1257 1783 1469 1827; x_wconf 86' lang='lat' dir='ltr'>sumtibus,</span> <span class='ocrx_word' id='word_1_219' title='bbox 1490 1784 1652 1823; x_wconf 81' lang='lat' dir='ltr'>hortatu</span> 
     </span>
     <span class='ocr_line' id='line_1_26' title="bbox 320 1847 1653 1900; baseline 0.001 -15"><span class='ocrx_word' id='word_1_220' title='bbox 320 1847 498 1885; x_wconf 90' lang='lat' dir='ltr'>Cornelii</span> <span class='ocrx_word' id='word_1_221' title='bbox 521 1849 698 1900; x_wconf 86' lang='lat' dir='ltr'>Benigni</span> <span class='ocrx_word' id='word_1_222' title='bbox 719 1851 994 1896; x_wconf 82' lang='lat' dir='ltr'>viterbiensis,</span> <span class='ocrx_word' id='word_1_223' title='bbox 1011 1862 1132 1900; x_wconf 87' lang='lat' dir='ltr'>opera</span> <span class='ocrx_word' id='word_1_224' title='bbox 1164 1854 1205 1886; x_wconf 87' lang='lat' dir='ltr'>et</span> <span class='ocrx_word' id='word_1_225' title='bbox 1223 1848 1422 1886; x_wconf 88' lang='lat' dir='ltr'>industria</span> <span class='ocrx_word' id='word_1_226' title='bbox 1453 1848 1653 1886; x_wconf 84' lang='lat' dir='ltr'>Zachariae</span> 
     </span>
     <span class='ocr_line' id='line_1_27' title="bbox 316 1909 1654 1962; baseline 0.003 -17"><span class='ocrx_word' id='word_1_227' title='bbox 316 1909 505 1960; x_wconf 88' lang='lat' dir='ltr'>Calliergi</span> <span class='ocrx_word' id='word_1_228' title='bbox 523 1910 739 1958; x_wconf 88' lang='lat' dir='ltr'>Cretensis,</span> <span class='ocrx_word' id='word_1_229' title='bbox 757 1919 802 1951; x_wconf 87' lang='lat' dir='ltr'>ut</span> <span class='ocrx_word' id='word_1_230' title='bbox 821 1925 868 1951; x_wconf 87' lang='lat' dir='ltr'>ex</span> <span class='ocrx_word' id='word_1_231' title='bbox 888 1914 968 1951; x_wconf 88' lang='lat' dir='ltr'>fine</span> <span class='ocrx_word' id='word_1_232' title='bbox 987 1912 1237 1962; x_wconf 82' lang='lat' dir='ltr'>intelligitur.</span> <span class='ocrx_word' id='word_1_233' title='bbox 1256 1910 1315 1949; x_wconf 91' lang='lat' dir='ltr'>M.</span> <span class='ocrx_word' id='word_1_234' title='bbox 1332 1909 1499 1960; x_wconf 85' lang='lat' dir='ltr'>Augusti</span> <span class='ocrx_word' id='word_1_235' title='bbox 1518 1910 1556 1948; x_wconf 91' lang='lat' dir='ltr'>d.</span> <span class='ocrx_word' id='word_1_236' title='bbox 1571 1911 1654 1950; x_wconf 90' lang='lat' dir='ltr'>xiii.</span> 
     </span>
     <span class='ocr_line' id='line_1_28' title="bbox 317 1969 1278 2022; baseline 0.001 -14"><span class='ocrx_word' id='word_1_237' title='bbox 317 1969 456 2008; x_wconf 90' lang='lat' dir='ltr'>Leone</span> <span class='ocrx_word' id='word_1_238' title='bbox 477 1985 518 2008; x_wconf 92' lang='lat' dir='ltr'>x.</span> <span class='ocrx_word' id='word_1_239' title='bbox 535 1979 731 2022; x_wconf 85' lang='lat' dir='ltr'>regnante</span> <span class='ocrx_word' id='word_1_240' title='bbox 749 1975 801 2022; x_wconf 86' lang='lat' dir='ltr'>(a.</span> <span class='ocrx_word' id='word_1_241' title='bbox 822 1974 897 2020; x_wconf 86' lang='lat' dir='ltr'>iii.)</span> <span class='ocrx_word' id='word_1_242' title='bbox 921 1974 1077 2018; x_wconf 86' lang='lat' dir='ltr'>Romae,</span> <span class='ocrx_word' id='word_1_243' title='bbox 1099 1973 1212 2010; x_wconf 86' lang='lat'>1515.</span> <span class='ocrx_word' id='word_1_244' title='bbox 1241 1973 1278 2010; x_wconf 79' lang='lat'>4.</span> 
     </span>
    </p>

    <p class='ocr_par' dir='ltr' id='par_1_7' title="bbox 206 2030 1653 2389">
     <span class='ocr_line' id='line_1_29' title="bbox 259 2030 1653 2085; baseline 0.003 -17"><span class='ocrx_word' id='word_1_245' title='bbox 259 2030 591 2071; x_wconf 78' lang='lat' dir='ltr'>Praestantissima</span> <span class='ocrx_word' id='word_1_246' title='bbox 610 2034 797 2082; x_wconf 85' lang='lat' dir='ltr'>editio,in</span> <span class='ocrx_word' id='word_1_247' title='bbox 818 2048 897 2085; x_wconf 86' lang='lat' dir='ltr'>qua</span> <span class='ocrx_word' id='word_1_248' title='bbox 915 2036 1074 2074; x_wconf 84' lang='lat' dir='ltr'>Scholia</span> <span class='ocrx_word' id='word_1_249' title='bbox 1092 2035 1264 2085; x_wconf 80' lang='lat' dir='ltr'>primum</span> <span class='ocrx_word' id='word_1_250' title='bbox 1284 2038 1543 2079; x_wconf 87' lang='lat' dir='ltr'>accesserunt,</span> <span class='ocrx_word' id='word_1_251' title='bbox 1553 2046 1653 2084; x_wconf 91' lang='lat' dir='ltr'>quo-</span> 
     </span>
     <span class='ocr_line' id='line_1_30' title="bbox 210 2094 1650 2148; baseline 0.003 -19"><span class='ocrx_word' id='word_1_252' title='bbox 210 2104 296 2130; x_wconf 88' lang='lat' dir='ltr'>rum</span> <span class='ocrx_word' id='word_1_253' title='bbox 315 2094 459 2143; x_wconf 87' lang='lat' dir='ltr'>partim</span> <span class='ocrx_word' id='word_1_254' title='bbox 489 2098 800 2145; x_wconf 87' lang='lat' dir='ltr'>comparatione,</span> <span class='ocrx_word' id='word_1_255' title='bbox 833 2100 976 2148; x_wconf 83' lang='lat' dir='ltr'>partim</span> <span class='ocrx_word' id='word_1_256' title='bbox 995 2097 1198 2136; x_wconf 83' lang='lat' dir='ltr'>codicibus</span> <span class='ocrx_word' id='word_1_257' title='bbox 1218 2096 1404 2135; x_wconf 86' lang='lat' dir='ltr'>adhibitis</span> <span class='ocrx_word' id='word_1_258' title='bbox 1437 2095 1650 2134; x_wconf 83' lang='lat' dir='ltr'>lectionem</span> 
     </span>
     <span class='ocr_line' id='line_1_31' title="bbox 209 2152 1653 2206; baseline 0.003 -16"><span class='ocrx_word' id='word_1_259' title='bbox 209 2152 460 2193; x_wconf 83' lang='lat' dir='ltr'>Pindaricam</span> <span class='ocrx_word' id='word_1_260' title='bbox 480 2157 664 2204; x_wconf 87' lang='lat' dir='ltr'>praeclare</span> <span class='ocrx_word' id='word_1_261' title='bbox 683 2160 911 2198; x_wconf 87' lang='lat' dir='ltr'>emendavit</span> <span class='ocrx_word' id='word_1_262' title='bbox 931 2162 991 2198; x_wconf 90' lang='lat' dir='ltr'>vir</span> <span class='ocrx_word' id='word_1_263' title='bbox 1010 2161 1162 2198; x_wconf 86' lang='lat' dir='ltr'>doctus.</span> <span class='ocrx_word' id='word_1_264' title='bbox 1217 2157 1382 2196; x_wconf 84' lang='lat' dir='ltr'>Codices</span> <span class='ocrx_word' id='word_1_265' title='bbox 1413 2157 1574 2206; x_wconf 90' lang='lat' dir='ltr'>quidem</span> <span class='ocrx_word' id='word_1_266' title='bbox 1605 2163 1653 2195; x_wconf 91' lang='lat' dir='ltr'>ut</span> 
     </span>
     <span class='ocr_line' id='line_1_32' title="bbox 208 2214 1653 2271; baseline 0.004 -20"><span class='ocrx_word' id='word_1_267' title='bbox 208 2214 351 2253; x_wconf 85' lang='lat' dir='ltr'>diserte</span> <span class='ocrx_word' id='word_1_268' title='bbox 371 2219 593 2256; x_wconf 85' lang='lat' dir='ltr'>enumerati</span> <span class='ocrx_word' id='word_1_269' title='bbox 607 2220 704 2265; x_wconf 88' lang='lat' dir='ltr'>sint,</span> <span class='ocrx_word' id='word_1_270' title='bbox 726 2221 872 2259; x_wconf 83' lang='lat' dir='ltr'>frustra</span> <span class='ocrx_word' id='word_1_271' title='bbox 890 2222 1034 2271; x_wconf 85' lang='lat' dir='ltr'>aliquis</span> <span class='ocrx_word' id='word_1_272' title='bbox 1050 2225 1230 2270; x_wconf 85' lang='lat' dir='ltr'>expectet</span> <span class='ocrx_word' id='word_1_273' title='bbox 1247 2236 1257 2267; x_wconf 90' lang='lat'>;</span> <span class='ocrx_word' id='word_1_274' title='bbox 1290 2219 1357 2257; x_wconf 89' lang='lat' dir='ltr'>sed</span> <span class='ocrx_word' id='word_1_275' title='bbox 1379 2221 1419 2256; x_wconf 87' lang='lat' dir='ltr'>in</span> <span class='ocrx_word' id='word_1_276' title='bbox 1440 2219 1653 2269; x_wconf 87' lang='lat' dir='ltr'>Olympiis,</span> 
     </span>
     <span class='ocr_line' id='line_1_33' title="bbox 207 2275 1650 2332; baseline 0.004 -20"><span class='ocrx_word' id='word_1_277' title='bbox 207 2275 369 2315; x_wconf 87' lang='lat' dir='ltr'>Nemeis</span> <span class='ocrx_word' id='word_1_278' title='bbox 389 2284 429 2316; x_wconf 90' lang='lat' dir='ltr'>et</span> <span class='ocrx_word' id='word_1_279' title='bbox 448 2278 625 2318; x_wconf 88' lang='lat' dir='ltr'>Isthmiis</span> <span class='ocrx_word' id='word_1_280' title='bbox 658 2283 839 2322; x_wconf 88' lang='lat' dir='ltr'>meliores</span> <span class='ocrx_word' id='word_1_281' title='bbox 860 2284 1029 2329; x_wconf 90' lang='lat' dir='ltr'>Aldinis,</span> <span class='ocrx_word' id='word_1_282' title='bbox 1050 2284 1092 2321; x_wconf 92' lang='lat' dir='ltr'>in</span> <span class='ocrx_word' id='word_1_283' title='bbox 1113 2282 1265 2332; x_wconf 85' lang='lat' dir='ltr'>Pythiis</span> <span class='ocrx_word' id='word_1_284' title='bbox 1285 2282 1495 2321; x_wconf 87' lang='lat' dir='ltr'>deteriores</span> <span class='ocrx_word' id='word_1_285' title='bbox 1514 2281 1650 2325; x_wconf 83' lang='lat' dir='ltr'>fuisse,</span> 
     </span>
     <span class='ocr_line' id='line_1_34' title="bbox 206 2339 644 2389; baseline 0.016 -15"><span class='ocrx_word' id='word_1_286' title='bbox 206 2349 282 2375; x_wconf 87' lang='lat' dir='ltr'>usu</span> <span class='ocrx_word' id='word_1_287' title='bbox 299 2339 644 2389; x_wconf 88' lang='lat' dir='ltr'>deprehendimus.</span> 
     </span>
    </p>
   </div>
   <div class='ocr_carea' id='block_1_4' title="bbox 205 2405 1650 2649">
    <p class='ocr_par' dir='ltr' id='par_1_8' title="bbox 205 2405 1650 2582">
     <span class='ocr_line' id='line_1_35' title="bbox 258 2405 1650 2464; baseline 0.004 -20"><span class='ocrx_word' id='word_1_288' title='bbox 258 2405 376 2445; x_wconf 83' lang='lat' dir='ltr'>Hanc</span> <span class='ocrx_word' id='word_1_289' title='bbox 397 2410 610 2449; x_wconf 89' lang='lat' dir='ltr'>editionem</span> <span class='ocrx_word' id='word_1_290' title='bbox 633 2415 815 2452; x_wconf 88' lang='lat' dir='ltr'>omnium</span> <span class='ocrx_word' id='word_1_291' title='bbox 834 2415 1072 2464; x_wconf 87' lang='lat' dir='ltr'>reliquarum</span> <span class='ocrx_word' id='word_1_292' title='bbox 1090 2425 1174 2451; x_wconf 89' lang='lat' dir='ltr'>esse</span> <span class='ocrx_word' id='word_1_293' title='bbox 1195 2412 1382 2457; x_wconf 87' lang='lat' dir='ltr'>fundum,</span> <span class='ocrx_word' id='word_1_294' title='bbox 1404 2414 1650 2463; x_wconf 78' lang='lat' dir='ltr'>argumentis</span> 
     </span>
     <span class='ocr_line' id='line_1_36' title="bbox 206 2466 1648 2526; baseline 0.005 -22"><span class='ocrx_word' id='word_1_295' title='bbox 206 2466 422 2508; x_wconf 75' lang='lat' dir='ltr'>Innumeris</span> <span class='ocrx_word' id='word_1_296' title='bbox 442 2479 622 2512; x_wconf 87' lang='lat' dir='ltr'>constare</span> <span class='ocrx_word' id='word_1_297' title='bbox 644 2476 827 2515; x_wconf 85' lang='lat' dir='ltr'>vidimus.</span> <span class='ocrx_word' id='word_1_298' title='bbox 855 2477 1058 2526; x_wconf 86' lang='lat' dir='ltr'>Expressit</span> <span class='ocrx_word' id='word_1_299' title='bbox 1078 2488 1166 2513; x_wconf 87' lang='lat' dir='ltr'>eam</span> <span class='ocrx_word' id='word_1_300' title='bbox 1186 2476 1416 2519; x_wconf 83' lang='lat' dir='ltr'>Cratander,</span> <span class='ocrx_word' id='word_1_301' title='bbox 1450 2475 1648 2511; x_wconf 86' lang='lat' dir='ltr'>Brubach.</span> 
     </span>
     <span class='ocr_line' id='line_1_37' title="bbox 205 2527 1287 2582; baseline 0.006 -17"><span class='ocrx_word' id='word_1_302' title='bbox 205 2527 361 2569; x_wconf 89' lang='lat' dir='ltr'>Morell.</span> <span class='ocrx_word' id='word_1_303' title='bbox 378 2533 564 2582; x_wconf 83' lang='lat' dir='ltr'>stephan.</span> <span class='ocrx_word' id='word_1_304' title='bbox 582 2536 649 2574; x_wconf 89' lang='lat' dir='ltr'>sed</span> <span class='ocrx_word' id='word_1_305' title='bbox 669 2538 936 2576; x_wconf 87' lang='lat' dir='ltr'>emendatrice</span> <span class='ocrx_word' id='word_1_306' title='bbox 956 2549 1078 2575; x_wconf 84' lang='lat' dir='ltr'>manu</span> <span class='ocrx_word' id='word_1_307' title='bbox 1099 2537 1287 2575; x_wconf 87' lang='lat' dir='ltr'>adhibita.</span> 
     </span>
    </p>

    <p class='ocr_par' dir='ltr' id='par_1_9' title="bbox 258 2591 1648 2649">
     <span class='ocr_line' id='line_1_38' title="bbox 258 2591 1648 2649; baseline 0.005 -21"><span class='ocrx_word' id='word_1_308' title='bbox 258 2591 442 2631; x_wconf 85' lang='lat' dir='ltr'>Praefatio</span> <span class='ocrx_word' id='word_1_309' title='bbox 464 2596 505 2633; x_wconf 88' lang='lat' dir='ltr'>in</span> <span class='ocrx_word' id='word_1_310' title='bbox 528 2595 745 2637; x_wconf 86' lang='lat' dir='ltr'>Pindarum</span> <span class='ocrx_word' id='word_1_311' title='bbox 766 2606 873 2639; x_wconf 82' lang='lat' dir='ltr'>extat</span> <span class='ocrx_word' id='word_1_312' title='bbox 895 2600 935 2637; x_wconf 92' lang='lat' dir='ltr'>in</span> <span class='ocrx_word' id='word_1_313' title='bbox 959 2600 1149 2649; x_wconf 89' lang='lat' dir='ltr'>Stephani</span> <span class='ocrx_word' id='word_1_314' title='bbox 1185 2598 1301 2648; x_wconf 82' lang='lat' dir='ltr'>Nigri</span> <span class='ocrx_word' id='word_1_315' title='bbox 1331 2611 1352 2635; x_wconf 89' lang='lat' dir='ltr'>e</span> <span class='ocrx_word' id='word_1_316' title='bbox 1380 2610 1438 2648; x_wconf 88' lang='lat' dir='ltr'>gr.</span> <span class='ocrx_word' id='word_1_317' title='bbox 1472 2598 1648 2636; x_wconf 81' lang='lat' dir='ltr'>translat.</span> 
     </span>
    </p>
   </div>
   <div class='ocr_carea' id='block_1_5' title="bbox 206 2716 1649 2816">
    <p class='ocr_par' dir='ltr' id='par_1_10' title="bbox 206 2716 1649 2816">
     <span class='ocr_line' id='line_1_39' title="bbox 208 2716 1646 2766; baseline 0.004 -18"><span class='ocrx_word' id='word_1_318' title='bbox 208 2716 328 2749; x_wconf 76' lang='lat' dir='ltr'>thecam</span> <span class='ocrx_word' id='word_1_319' title='bbox 361 2731 496 2761; x_wconf 62' lang='lat' dir='ltr'>graecam</span> <span class='ocrx_word' id='word_1_320' title='bbox 513 2724 765 2756; x_wconf 80' lang='lat' dir='ltr'>Fabricianmna</span> <span class='ocrx_word' id='word_1_321' title='bbox 794 2727 832 2758; x_wconf 90' lang='lat' dir='ltr'>V.</span> <span class='ocrx_word' id='word_1_322' title='bbox 867 2727 919 2759; x_wconf 85' lang='lat' dir='ltr'>Cl.</span> <span class='ocrx_word' id='word_1_323' title='bbox 956 2727 1064 2757; x_wconf 83' lang='lat' dir='ltr'>Harles</span> <span class='ocrx_word' id='word_1_324' title='bbox 1093 2725 1314 2766; x_wconf 77' lang='lat' dir='ltr'>locupletatam</span> <span class='ocrx_word' id='word_1_325' title='bbox 1340 2729 1361 2753; x_wconf 85' lang='lat' dir='ltr'>t.</span> <span class='ocrx_word' id='word_1_326' title='bbox 1393 2723 1425 2754; x_wconf 83' lang='lat' dir='ltr'>ii.</span> <span class='ocrx_word' id='word_1_327' title='bbox 1452 2734 1482 2764; x_wconf 90' lang='lat' dir='ltr'>p.</span> <span class='ocrx_word' id='word_1_328' title='bbox 1511 2727 1564 2756; x_wconf 87' lang='lat'>68.</span> <span class='ocrx_word' id='word_1_329' title='bbox 1579 2735 1646 2766; x_wconf 76' lang='lat' dir='ltr'>sqq,</span> 
     </span>
     <span class='ocr_line' id='line_1_40' title="bbox 206 2767 1649 2816; baseline 0.006 -18"><span class='ocrx_word' id='word_1_330' title='bbox 206 2767 283 2799; x_wconf 78' lang='lat' dir='ltr'>Visa</span> <span class='ocrx_word' id='word_1_331' title='bbox 306 2776 408 2802; x_wconf 78' lang='lat' dir='ltr'>tamen</span> <span class='ocrx_word' id='word_1_332' title='bbox 431 2785 478 2803; x_wconf 82' lang='lat' dir='ltr'>res</span> <span class='ocrx_word' id='word_1_333' title='bbox 491 2780 537 2805; x_wconf 79' lang='lat' dir='ltr'>est</span> <span class='ocrx_word' id='word_1_334' title='bbox 554 2786 624 2806; x_wconf 82' lang='lat' dir='ltr'>cum</span> <span class='ocrx_word' id='word_1_335' title='bbox 659 2777 795 2808; x_wconf 82' lang='lat' dir='ltr'>consilio</span> <span class='ocrx_word' id='word_1_336' title='bbox 818 2784 924 2810; x_wconf 82' lang='lat' dir='ltr'>nostro</span> <span class='ocrx_word' id='word_1_337' title='bbox 940 2778 985 2809; x_wconf 79' lang='lat' dir='ltr'>ita</span> <span class='ocrx_word' id='word_1_338' title='bbox 1001 2777 1184 2815; x_wconf 69' lang='lat' dir='ltr'>conjuncta,</span> <span class='ocrx_word' id='word_1_339' title='bbox 1215 2781 1247 2806; x_wconf 83' lang='lat' dir='ltr'>ut</span> <span class='ocrx_word' id='word_1_340' title='bbox 1275 2775 1374 2806; x_wconf 74' lang='lat' dir='ltr'>omitti</span> <span class='ocrx_word' id='word_1_341' title='bbox 1395 2776 1445 2805; x_wconf 74' lang='lat' dir='ltr'>vix</span> <span class='ocrx_word' id='word_1_342' title='bbox 1469 2782 1592 2816; x_wconf 76' lang='lat' dir='ltr'>posset3</span> <span class='ocrx_word' id='word_1_343' title='bbox 1619 2783 1649 2807; x_wconf 65' lang='lat' dir='ltr'>et</span> 
     </span>
    </p>
   </div>
   <div class='ocr_carea' id='block_1_6' title="bbox 211 2818 1504 2901">
    <p class='ocr_par' dir='ltr' id='par_1_11' title="bbox 211 2818 1504 2901">
     <span class='ocr_line' id='line_1_41' title="bbox 211 2818 1504 2869; baseline -0.002 -11"><span class='ocrx_word' id='word_1_344' title='bbox 211 2818 408 2858; x_wconf 64' lang='lat' dir='ltr'>⁸¹¹bjl⁰5⁴²¹¹¹l³</span> <span class='ocrx_word' id='word_1_345' title='bbox 426 2835 461 2854; x_wconf 74' lang='lat' dir='ltr'>:lc</span> <span class='ocrx_word' id='word_1_346' title='bbox 477 2827 665 2867; x_wconf 72' lang='lat' dir='ltr'>corrigenda</span> <span class='ocrx_word' id='word_1_347' title='bbox 682 2835 768 2858; x_wconf 75' lang='lat' dir='ltr'>erant</span> <span class='ocrx_word' id='word_1_348' title='bbox 788 2830 1029 2869; x_wconf 68' lang='lat' dir='ltr'>nonrmlla‚quce</span> <span class='ocrx_word' id='word_1_349' title='bbox 1050 2829 1150 2858; x_wconf 73' lang='lat' dir='ltr'>locuni</span> <span class='ocrx_word' id='word_1_350' title='bbox 1167 2837 1255 2857; x_wconf 79' lang='lat' dir='ltr'>sunm</span> <span class='ocrx_word' id='word_1_351' title='bbox 1275 2825 1504 2856; x_wconf 76' lang='lat' dir='ltr'>desiderabant.</span> 
     </span>
     <span class='ocr_line' id='line_1_42' title="bbox 253 2871 1005 2901; baseline -0.001 -9"><span class='ocrx_word' id='word_1_352' title='bbox 253 2871 325 2893; x_wconf 69' lang='grc' dir='ltr'>νοι.</span> <span class='ocrx_word' id='word_1_353' title='bbox 349 2874 371 2896; x_wconf 87' lang='lat'>1.</span> <span class='ocrx_word' id='word_1_354' title='bbox 938 2873 956 2901; x_wconf 62' lang='lat' dir='ltr'><strong><em>d</em></strong></span> <span class='ocrx_word' id='word_1_355' title='bbox 1003 2889 1005 2891; x_wconf 87' lang='grc'><em>,</em></span> 
     </span>
    </p>
   </div>
  </div>
 </body>
</html>
