1877 3137
654 176 963 219 CARMEN
995 179 1046 222 V.
1488 190 1573 227 499

359 297 530 370 Xeno-‹³21›
553 298 774 371 ἅνθξωποι
801 303 1019 373 περιώσιον
1039 303 1202 368 ἄλλων,

361 384 457 434 Καὶ
488 383 580 453 γοὶξ
603 383 848 453 ἐριζόμεναι

287 481 312 516 5
353 469 481 523 Νοῖες
510 465 547 516 ἒν
573 464 718 533 πόντῳ,
746 467 823 518 καὶ
847 467 884 518 ἓν
911 466 1111 538 ὀἵξμοιο-ιν
1140 469 1277 532 ἵπποι,

360 550 454 598 Διοὶ
481 548 595 608 reoli),
621 546 654 597 23
677 549 854 610 'voco-eron,
881 551 1029 619 τιμὰν,

356 630 661 689 Ὠκυδινάτοις
690 632 726 682 ἓν
748 633 890 700 ἁμίλ-

437 725 564 763 λαισι
595 715 876 781 θαυμασταὶ
897 715 1123 768 πέλονταν

713 837 764 873 A.
794 833 834 874 ά.
892 838 945 876 K.
976 836 1012 885 ἢ.

358 922 378 942 ‚l
487 925 495 938 ν
538 926 548 940 9
654 924 665 939 t
763 927 773 940 ν
791 922 804 940 Ι
1152 926 1163 941 x

380 928 440 975 Εν
461 948 488 974 τ
526 947 725 988 αγωνιοις
752 928 965 986 αεὲλοισι
993 929 1187 978 ποθεινον

156 1092 287 1123 miacam
305 1091 405 1122 sactus
433 1092 488 1123 sit.
535 1091 626 1121 oden
651 1098 835 1132 sequentem
860 1100 981 1124 sextam
999 1100 1072 1125 ante
1088 1096 1327 1134 hane-quintam
1343 1096 1489 1138 scriptam
1514 1108 1583 1128 esse

151 1149 234 1174 recte
247 1143 450 1173 Grammatici
467 1143 674 1175 contendunt.
699 1154 728 1175 v.
744 1144 783 1174 ad
800 1155 848 1184 pr.
878 1145 968 1176 Odae.
1013 1147 1160 1176 Ceterum
1185 1146 1241 1176 illa
1256 1157 1332 1187 gens
1345 1147 1427 1178 inter
1450 1148 1583 1190 AEgine-

149 1202 195 1225 tas
211 1194 378 1224 admodum
390 1194 475 1225 clara
487 1194 642 1234 pancratii
657 1194 770 1224 studiis
783 1204 850 1225 esse
866 1195 987 1227 debuit.
1013 1197 1200 1228 Avunculus
1211 1198 1342 1240 Pytheae
1359 1204 1390 1229 et
1404 1199 1586 1240 Phylacidae

150 1252 216 1277 erat
229 1250 389 1275 maternus
406 1244 637 1283 Enthymenes,
649 1245 703 1284 qui
719 1246 822 1285 plures
840 1247 985 1287 pugilatu
1005 1248 1148 1278 victorias
1164 1255 1377 1290 consequutus
1392 1256 1469 1283 erat.
1486 1250 1584 1282 Nem.

148 1309 179 1329 v.
193 1297 248 1328 75.
264 1307 310 1336 sq.
323 1295 435 1327 Isthm.
452 1296 493 1327 vi.
511 1299 565 1326 85.
579 1296 631 1326 89.
646 1306 693 1335 sq,
711 1296 794 1326 unde
813 1301 908 1337 patet,
923 1308 1014 1328 unam
1030 1298 1098 1338 ejus
1114 1299 1278 1331 Isthmiam
1290 1301 1387 1332 fuisse
1404 1302 1583 1333 victoriamz

150 1348 231 1379 sorte
248 1352 279 1378 et
301 1347 427 1377 Nemeis
443 1356 535 1376 unam
552 1346 637 1387 (nam
656 1356 684 1379 v.
708 1348 761 1378 89.
775 1346 829 1381 τὰς
844 1346 894 1389 δ’).
918 1349 1021 1380 Etiam
1040 1350 1230 1382 Tliemistius
1248 1363 1285 1383 ex
1308 1363 1345 1382 ea
1367 1358 1475 1394 gente,
1498 1363 1590 1389 avus,

153 1405 188 1431 ut
202 1398 313 1430 Schol.
332 1398 371 1428 ad
387 1397 481 1429 Nem.
496 1408 526 1429 v.
544 1399 597 1429 91.
612 1398 719 1438 tradit,
735 1405 901 1435 maternus,
926 1401 1019 1430 variis
1042 1402 1199 1442 agonibus
1214 1404 1376 1444 pancratio
1393 1404 1491 1435 victor
1512 1403 1588 1436 fuit.

154 1461 185 1483 v.
204 1450 296 1481 Nem.
312 1460 343 1480 v.
358 1450 411 1481 91.
430 1459 500 1490 sqq.
516 1448 629 1479 Isthm.
649 1450 693 1480 vi.
712 1451 842 1481 95.—1.
864 1449 964 1481 ἀθλίου
986 1462 1092 1483 omnes
1110 1458 1184 1485 vett.
1210 1454 1292 1493 quod
1308 1455 1361 1486 ‚ad
1377 1460 1508 1485 metrum
1527 1455 1591 1495 pri-

155 1511 225 1531 mus
243 1505 326 1530 recte
344 1499 524 1530 emendavit
540 1499 706 1530 Morellius
728 1500 824 1532 ἁλίου.
869 1502 1016 1533 Ceterum
1040 1503 1237 1544 splendidum
1260 1505 1319 1536 hoc
1330 1506 1475 1536 carminis
1499 1516 1593 1536 exor-

158 1554 245 1584 dium
260 1559 290 1583 et
304 1551 457 1591 τηλαυγὶς
483 1551 636 1594 πείσωσι-ον
651 1554 786 1594 turpiter
814 1554 973 1585 foedarunt
988 1561 1108 1586 veteres
1124 1561 1155 1586 et
1177 1557 1367 1588 recentiores
1394 1559 1595 1599 interpreteS.

155 1606 196 1636 ad
211 1603 338 1635 Pindari
353 1603 514 1634 avaritiam
532 1603 638 1633 omnia
654 1610 850 1639 revocantes,
872 1610 986 1645 praeter
1001 1616 1098 1637 unum
1116 1607 1293 1644 Pauwium,
1306 1609 1361 1649 qui
1378 1614 1480 1639 tamen
1496 1609 1595 1640 inter-

159 1655 312 1698 pretando
340 1664 450 1695 parum
482 1653 648 1687 satisfacit.
694 1655 885 1695 Disputandi
900 1656 989 1687 locus
1012 1657 1064 1687 hic
1095 1667 1155 1687 non
1186 1664 1234 1688 est
1250 1670 1261 1698 3
1287 1658 1388 1689 dicam
1412 1659 1495 1699 quod
1527 1658 1594 1700 ipse

159 1706 272 1751 sen-tio.
315 1705 364 1735 De
381 1704 463 1734 Thia
477 1704 585 1735 fabula
601 1714 668 1734 esse
685 1705 795 1736 debuit
810 1716 847 1736 ex
864 1706 1037 1748 theogoniis
1053 1708 1155 1749 prisca
1171 1708 1288 1750 aliqua,
1307 1714 1455 1751 tanquam
1471 1709 1510 1739 de
1527 1709 1600 1747 dea,

157 1770 175 1789 a
188 1769 244 1800 qua
254 1756 341 1788 omnis
354 1756 485 1796 splendor
498 1762 526 1787 et
538 1756 588 1786 lux
598 1756 789 1796 prqftciscitur
806 1771 814 1788 ι
839 1758 957 1799 quippe
971 1768 1039 1798 quae
1055 1769 1096 1790 ex
1125 1759 1305 1800 Hyperione
1333 1760 1450 1796 Solem,
1474 1761 1596 1793 Lunam

161 1817 194 1842 et
219 1810 371 1839 Auroram
404 1807 541 1847 peperit.
565 1819 594 1838 v.
609 1806 878 1850 Hesiod.Theog.
901 1811 978 1841 3¹71.
1005 1820 1073 1849 sqq.
1095 1810 1245 1851 Apollod.
1260 1811 1281 1843 i.
1299 1813 1328 1842 1.
1345 1813 1377 1842 3.
1422 1811 1502 1851 Ejus
1529 1812 1596 1842 deae

159 1859 315 1891 beneficio
330 1859 476 1890 omnibus
494 1859 587 1889 rebus
603 1858 754 1900 splendor
766 1870 841 1890 suus
857 1861 959 1892 venit:
999 1861 1092 1892 etiam
1108 1872 1192 1902 auro,
1206 1862 1273 1893 item
1301 1863 1425 1893 victoriis
1437 1872 1482 1894 ex>
1493 1863 1599 1904 preliis

158 1911 319 1950 navalibus,
333 1911 538 1941 certaminibus
547 1910 695 1941 curulibus
706 1916 733 1940 et
755 1913 912 1952 gymnicis.
961 1911 1036 1941 Haec
1058 1917 1162 1942 autem
1179 1918 1268 1942 erant
1283 1913 1351 1954 illa,
1367 1913 1482 1954 quibus
1504 1914 1598 1955 AEgi-

163 1968 251 1994 netas
263 1962 347 1992 inter
363 1961 490 1992 Graecos
504 1960 645 2001 insignes
657 1961 799 1992 exhibuit
823 1968 930 2002 poeta.
978 1962 1065 1992 Idem
1081 1964 1113 1994 in
1130 1963 1220 1995 Nem.
1234 1963 1278 1996 iii.
1293 1974 1363 2005 sqq.
1379 1964 1468 1996 fecit.
1512 1964 1599 1995 Nau-

164 2014 318 2045 machiam
336 2013 508 2052 aliquande
538 2012 656 2043 Graecis
677 2011 773 2043 fuisse
798 2013 985 2053 institutam,
1009 2024 1092 2046 nunc
1115 2014 1299 2055 ignoratur:
1332 2025 1392 2046 nec
1414 2017 1510 2047 verba
1526 2028 1557 2047 v.
1571 2018 1605 2048 4.

164 2075 213 2101 eo,
228 2063 374 2098 arbitror,
387 2061 520 2101 ducunt,
535 2066 570 2091 ut
582 2071 649 2091 eam
663 2061 760 2092 fuisse
776 2073 846 2094 cum
870 2064 1000 2094 Pauwio
1028 2069 1201 2096 statuamus
1213 2078 1223 2097 ι
1247 2066 1303 2096 sed
1328 2067 1478 2108 splendor
1499 2073 1547 2098 est
1571 2073 1603 2098 et

165 2114 269 2156 gloria
284 2112 508 2153 AEginetarum
525 2121 565 2141 ex
584 2122 616 2141 re
632 2112 758 2144 nautica
773 2119 805 2143 et
819 2115 983 2145 navalibus
1010 2116 1140 2156 praeliis,
1156 2116 1300 2157 inprimis
1324 2128 1445 2159 nupera
1475 2118 1515 2148 ad
1538 2119 1598 2148 Sa-

163 2165 311 2197 laminem
331 2173 450 2205 pugna.
467 2163 511 2195 cf.
527 2163 588 2195 inf.
605 2166 656 2195 60.
671 2174 740 2204 sqq.
870 2167 901 2198 6.
915 2164 1030 2196 ὄνησα
1045 2166 1121 2199 Ald.
1149 2166 1172 2196 ὅ
1192 2167 1277 2198 ’vaca
1293 2169 1383 2199 Rom.
1405 2169 1568 2199 emendate
1583 2168 1607 2198 ὦ

166 2219 270 2249 ’vacca
288 2217 375 2247 Crat.
388 2215 414 2246 ὦ
433 2215 539 2246 'nucem
556 2216 716 2248 Brubach.
742 2223 772 2247 et
792 2217 864 2249 rell.
910 2219 979 2248 Non
1004 2229 1103 2250 emam
1126 2219 1201 2250 talia
1220 2221 1382 2256 terunci0;
1406 2231 1478 2251 vera
1499 2225 1606 2251 tamen

170 2273 219 2299 est
252 2266 462 2297 Cratandrina
490 2266 659 2307 scriptura.
790 2269 824 2300 8.
848 2268 1032 2307 θαυμασταὶ
1059 2270 1137 2302 Ald.
1156 2271 1251 2303 Rom.
1283 2271 1410 2303 Morell.
1434 2270 1610 2311 θαυμαστοὶ

166 2318 290 2349 illatum
305 2327 325 2347 a
340 2317 427 2348 Crat.
440 2317 550 2357 Steph.
568 2317 671 2347 minus
686 2318 778 2350 bene.
908 2324 941 2354 9.
967 2322 992 2352 ἒν
1005 2320 1031 2351 δ’
1054 2322 1245 2353 Benedictus
1269 2322 1476 2363 reprehensus
1487 2333 1507 2352 a
1522 2323 1605 2354 Pau-

169 2369 242 2400 wio.
286 2369 418 2410 Spectat
432 2368 536 2399 adhuc
551 2369 590 2399 ad
606 2367 654 2399 διὰ
669 2368 738 2399 τιοὶν
767 2369 856 2409 τιμὰν
867 2372 916 2411 (h.
935 2372 986 2404 σοῦ
998 2370 1094 2410 ἕκητι,
1115 2378 1150 2403 ut
1175 2383 1200 2404 ν.
1225 2371 1272 2412 2.)
1291 2373 1397 2413 itaque
1414 2379 1484 2414 post
1505 2372 1610 2405 ἄλλων

171 2432 202 2452 v.
219 2421 252 2452 3.
277 2418 427 2459 majorem
444 2419 677 2451 distinctionem
694 2421 820 2455 sustuli.
865 2423 966 2465 Jung.
988 2422 1280 2465 καὶ-καὶγὰρ-ἴν
1294 2423 1334 2456 τ’.

175 2559 260 2599 quod
276 2559 379 2589 verius
398 2563 491 2600 puto3
521 2564 649 2600 propter
661 2559 859 2600 splendorem
917 2568 1004 2602 ceper
1015 2569 1041 2593 te
1056 2563 1086 2591 in
1101 2563 1312 2598 certaminibus,
1333 2561 1458 2605 quisquis
1480 2565 1613 2596 victorius

178 2608 262 2644 vitae,
276 2619 368 2648 quem
411 2607 492 2638 illud
532 2609 766 2641 conciliat.—4.
797 2613 864 2652 quin
919 2618 1104 2652 consequutus
1118 2618 1168 2652 est,
1189 2614 1345 2652 assequitur
1359 2613 1471 2644 laudem
1488 2614 1614 2646 dulcem.

178 2658 263 2688 etiam
274 2668 327 2696 per
338 2659 422 2688 ἀει-ηε
443 2663 526 2688 tumn
550 2658 649 2698 (nunc
678 2664 725 2689 est
748 2660 866 2700 tropice
921 2660 948 2690 ἰν
962 2659 989 2690 τ’
1003 2661 1034 2690 ἆ.
1064 2662 1232 2701 respondet
1246 2662 1288 2701 τῷ
1304 2662 1454 2693 καὶ-καὶ
1469 2662 1532 2707 ’γὰρ
1546 2675 1607 2697 VSS.

182 2706 285 2735 dictus
309 2707 458 2746 splendor
484 2707 586 2745 samm,
615 2707 743 2748 gloriae)
766 2719 871 2750 pugnae
927 2711 958 2741 2.
974 2715 1004 2740 et
1020 2714 1051 2742 4.
1066 2708 1187 2752 ’ἔπραξεν
1204 2721 1259 2752 pro
1276 2711 1408 2753 πράσσει.

180 2757 253 2786 mari
276 2760 409 2797 terraque
439 2757 785 2788 admirationem'aciunc.
795 2759 870 2787 ——-9.
