1877 3137
687 481 1085 531 ΟΛΤΜΠΙΑ.

783 616 929 648 ΕιΔοΣ
953 613 1000 654 β’.

341 742 689 805 ΘΗΡΩΝΙ
761 741 1420 808 ΑΚΡΑΓΑΝΤΙΝῼ,

744 902 1025 941 APMATL

676 1186 1083 1226 ARGUMENTUM.

175 1303 426 1345 VICTORIAM
458 1305 682 1360 gratulatur
716 1303 926 1355 Theroni,
948 1310 1035 1345 orto
1052 1319 1076 1345 a
1096 1304 1328 1360 majoribus,
1364 1304 1434 1359 qui
1470 1305 1599 1345 multa

174 1360 336 1401 adversa
374 1360 526 1415 experti
547 1367 673 1411 erant,
715 1375 808 1402 cum
844 1361 1118 1402 vicissitudine
1140 1368 1277 1402 tamen
1312 1362 1488 1402 fortunae
1509 1376 1596 1403 me-

172 1417 293 1458 lioris.
320 1421 472 1459 1—82.
527 1416 726 1458 Theronis
758 1419 846 1459 laus
868 1433 890 1458 e
912 1418 1200 1459 certaminibus
1221 1424 1262 1459 et
1280 1418 1474 1473 impensis
1491 1418 1532 1459 in
1554 1431 1601 1458 ea

172 1474 302 1522 factis,
339 1487 547 1529 opumque
569 1488 822 1528 magnarum,
851 1488 949 1529 quas
969 1475 1147 1526 haberet,
1169 1490 1249 1516 usu
1267 1482 1377 1515 recto
1398 1474 1448 1516 ad
1467 1474 1600 1516 studia

173 1532 390 1585 praeclara:
413 1546 586 1586 quorum
606 1531 774 1586 praemia
791 1531 914 1572 etiam
933 1537 1024 1586 post
1045 1537 1217 1572 mortem
1240 1537 1451 1585 expectare
1471 1532 1569 1572 licet
1586 1545 1598 1571 ι

173 1587 444 1643 interponitur
478 1588 611 1643 itaque
644 1589 757 1628 locus
777 1587 1053 1628 nobilissimus
1089 1588 1139 1629 de
1174 1588 1485 1629 inferis.-149.
1518 1587 1600 1629 Re-

173 1651 288 1685 vocat
309 1658 351 1685 se
382 1650 504 1698 poeta
535 1659 558 1686 a
588 1645 847 1698 digressione,
869 1658 989 1698 quam
1021 1659 1045 1684 a
1079 1644 1386 1699 reprehensione
1418 1644 1600 1686 adversa-

173 1699 324 1742 riorum
344 1700 657 1753 liberat,-159.
678 1707 719 1742 et
738 1703 825 1742 vela
845 1700 1046 1743 contrahit
1063 1701 1106 1743 in
1126 1700 1326 1742 Theronis
1346 1701 1544 1742 laudibus.

238 1759 396 1799 Theron
418 1757 674 1800 AEnesidami
690 1759 719 1800 f.
737 1772 868 1812 genus
886 1758 1064 1799 ducebat
1083 1772 1106 1798 a
1127 1757 1298 1808 Cadme,
1318 1764 1359 1797 et
1375 1757 1541 1811 quidem
1578 1772 1602 1799 a

175 1812 446 1866 Thersandro‚
485 1814 558 1869 qui
593 1815 696 1856 inter
736 1815 948 1869 Epigonos
988 1821 1085 1866 erat,
1128 1813 1346 1868 Polynicis,
1386 1828 1438 1854 ex
1476 1814 1603 1869 Argia

173 1871 352 1924 Adrasti,
373 1871 473 1924 filio,
496 1871 636 1926 OEdipi
660 1878 805 1927 nepote
819 1887 831 1922 3
867 1872 937 1925 (cf.
962 1872 1113 1913 Freron
1148 1872 1324 1924 Defense
1344 1872 1452 1910 dela
1477 1873 1606 1911 Chro-

175 1931 330 1984 nologie
345 1944 386 1984 p.
408 1930 479 1977 77.
499 1934 577 1983 sq.)
601 1930 766 1969 tenebat
786 1928 1060 1982 Agrigentum
1080 1934 1121 1969 et
1137 1928 1354 1969 Himeram
1374 1944 1385 1968 t
1416 1941 1454 1969 v,
1474 1928 1601 1971 Diod.

176 1985 236 2028 xi.
265 1990 335 2028 48.
365 1990 435 2026 49.
466 1990 535 2027 53.
587 1986 733 2027 Filiam
766 1984 1031 2027 Demaratam
1068 1986 1291 2026 elocaverat
1313 1984 1488 2033 Geloni3
1519 2000 1601 2040 quo

175 2049 337 2085 mortuo
353 2043 474 2083 frater
496 2042 669 2083 Gelonis
687 2042 899 2096 Polyzelus
916 2057 1004 2084 eam
1019 2042 1202 2084 duxerat.
1243 2042 1283 2082 Is
1296 2041 1338 2082 in
1352 2042 1602 2097 suspiciones

180 2099 373 2141 Hieronis
412 2098 542 2139 fratris
577 2099 777 2141 adductus
798 2099 848 2139 ad
883 2113 1065 2140 socerum
1088 2099 1210 2154 fugit,
1231 2097 1301 2153 qui
1322 2098 1372 2139 ad
1406 2113 1602 2152 generum

180 2157 376 2196 tuendum
400 2169 510 2196 arma
549 2156 722 2197 Hieroni
743 2155 880 2196 intulit
892 2171 904 2207 3
943 2158 1069 2197 fertur
1103 2163 1241 2196 tamen
1277 2155 1494 2209 interprete
1534 2156 1601 2196 Si·

180 2212 343 2253 monide
359 2227 437 2267 pax
458 2226 542 2257 esse
563 2213 759 2254 restituta.
801 2212 1002 2254 Videntur
1017 2213 1107 2255 haec
1128 2214 1264 2253 locum
1281 2212 1422 2253 fecisse
1443 2212 1490 2253 iis
1508 2227 1603 2268 quae

178 2269 229 2310 de
248 2271 421 2310 fortunae
441 2268 784 2311 vicissitudinibus
803 2275 924 2323 poeta
943 2275 1156 2312 memorat.
1178 2269 1316 2310 Victor
1335 2269 1415 2309 fuit
1434 2268 1603 2310 Theron

178 2326 248 2367 Ol.
280 2326 418 2367 lxxvii.
460 2326 680 2382 quadrigis.
748 2325 850 2381 Ejus
890 2328 1010 2368 frater
1058 2327 1325 2378 Xenocrates,
1369 2325 1418 2366 de
1445 2340 1526 2381 quo
1563 2339 1602 2367 ν.

177 2382 225 2428 Ρ.
245 2383 298 2425 vi.
319 2383 465 2425 Isthm.
487 2382 529 2424 ii.

651 2499 700 2540 Σ.
737 2497 776 2538 ά.
837 2502 890 2539 Κ.
922 2497 977 2539 ιδ’.

396 2581 1035 2642 ΑΝΑΞΙΦΟΡΜΙΓΓΕΣ
1056 2583 1190 2654 ὕμνοι,

227 2745 254 2770 1.
289 2739 548 2782 Ἀναξιφόςμιγγες
586 2736 674 2777 ὕμνοι.
710 2742 864 2778 quatenus
919 2736 1002 2776 regit
1026 2741 1135 2766 cantus
1166 2740 1197 2765 et
1221 2735 1384 2766 moderatur
1413 2734 1514 2776 lyram.
1550 2734 1605 2764 vi-

184 2793 352 2818 concentns
368 2794 414 2819 est
441 2789 521 2820 inter
553 2788 652 2828 lyram
668 2792 699 2818 et
730 2792 866 2823 cantum,
921 2786 1023 2817 cissim
1039 2786 1100 2815 alio
1117 2785 1208 2816 modo
1224 2790 1254 2814 et
1269 2785 1340 2815 aliis
1352 2784 1428 2815 locis
1443 2784 1510 2824 lyra
1524 2784 1607 2825 regit

274 2846 312 2866 vo
320 2847 350 2868 r..
366 2846 390 2868 ι.
996 2843 1018 2863 D
