1877 3137
676 202 987 244 CARMEN
1023 203 1079 243 11.
1526 208 1601 246 181

462 333 705 398 Πεςισσοῖς,
733 328 933 388 ἐνέπαξεν
962 326 1031 378 ἕλ-

535 435 607 469 κος
636 408 833 480 ὀδυναρὸν
859 411 915 478 ἑοῖ
943 409 1114 480 πξὸοθε
1143 409 1323 481 καξδῖᾳ,

456 494 566 565 Πξὶν
594 491 682 544 ὅσα
709 492 903 563 φξοντῖὃι
930 495 1222 563 μηχανῶνται
1251 498 1417 562 τυχεῖν.

464 574 614 646 Φὲξειν
643 575 677 627 δ’
707 576 908 644 ἓλαφξῶς

454 659 464 673 9
654 656 668 674 Ι
887 656 900 672 Ι

469 663 749 728 Επαυχενιον
778 658 982 709 λαζοντα

299 508 378 547 170

461 742 606 808 Ζυγόν
633 744 677 808 γ’
707 743 886 812 ἀξῇγει.
927 740 1027 792 ποτὶ
1053 739 1218 811 κέντρον
1246 737 1291 793 δέ
1317 762 1383 791 τοι

463 823 772 895 Λακτιζὲμεν,
798 822 982 876 «τελέθει

336 921 417 962 175
455 907 737 980 Ὀλιοθηξός
765 905 907 978 οἶμος.
951 906 1119 961 ἁδόντα
1144 907 1181 960 δ’
1207 907 1271 967 εἴη

462 995 541 1043 Με
570 997 658 1050 τοῖς
686 992 893 1057 ἀγαθοῖς
921 991 1107 1060 ὁμιλεῖν.

164 1141 190 1166 et
205 1135 344 1176 depressa,
355 1138 465 1176 pectori
475 1137 524 1167 ilze
545 1147 596 1167 suo
609 1136 712 1168 vulnus
736 1137 846 1177 infligit
865 1137 1012 1174 acerbum,
1036 1133 1146 1177 πξὸσθσ
1172 1132 1238 1175 πρὶν
1260 1133 1366 1174 τυχεῖν
1388 1131 1534 1174 (intima)
1557 1130 1613 1164 31ae

162 1184 358 1225 μηχανῧνται
375 1186 442 1228 (ille
454 1186 592 1228 φθονερά.
638 1187 770 1217 Scilicet
787 1186 844 1219 νοῦς
857 1185 997 1227 osone&-
1007 1185 1098 1214 modo
1108 1184 1259 1225 jungitur
1272 1195 1343 1214 curn
1359 1184 1513 1225 singulari
1526 1183 1612 1215 ἱλή-

160 1249 253 1277 μενος,
266 1237 357 1268 modo
372 1237 543 1278 subjicitur
561 1238 694 1278 pluralis
710 1243 856 1278 spectans
871 1237 910 1267 ad
928 1235 1088 1279 peangiv’v.)
1101 1234 1240 1278 φροντίδι.
1255 1236 1323 1267 haec
1333 1235 1513 1267 sollicitudo
1526 1236 1611 1267 haud

164 1288 259 1319 dubie
273 1299 310 1319 eo
323 1290 434 1326 tendit,
445 1296 480 1320 ut
497 1289 642 1320 felicitati
658 1289 789 1320 alterius
809 1289 967 1322 detrahat.
1058 1291 1133 1319 168.
1156 1286 1297 1325 ἔνίπαξεν.
1310 1287 1404 1319 etiam
1413 1287 1474 1318 hoc
1490 1293 1614 1318 mutan·

163 1339 237 1369 dum
254 1338 315 1369 fuit
324 1339 557 1370 oxoniensibus
574 1340 605 1370 in
622 1339 773 1377 ἐνέπαξαν.
867 1342 943 1372 171.
957 1339 1144 1380 pennatis-ur
1159 1339 1382 1369 emendaverat
1393 1338 1615 1380 Ceporinusiu

161 1389 254 1422 Crat.
273 1397 304 1421 et
320 1391 393 1422 hinc
408 1392 600 1423 Schmidius.
638 1392 781 1421 Romana
794 1397 824 1421 et
837 1391 912 1420 hinc
927 1391 1039 1431 vulgg.
1057 1389 1268 1430 μηχανόιται.
1286 1399 1314 1420 ν.
1328 1389 1368 1420 ad
1382 1392 1494 1421 v.16⁷.
1512 1389 1616 1420 Aldus

163 1447 195 1472 et
206 1440 393 1472 Bodleiani:
418 1441 587 1481 μητίονται.
605 1452 664 1472 nec
680 1442 771 1473 male.
864 1443 934 1472 1⁷3.
950 1442 982 1481 γ’
1000 1441 1135 1472 fulcrum
1156 1441 1259 1472 Oxon.
1276 1447 1309 1472 et
1321 1440 1411 1472 Bodl.
1424 1453 1459 1480 γ.
1470 1440 1617 1472 restitue-

151 1497 251 1524 runt.
279 1493 400 1524 Deerat
410 1494 442 1524 in
459 1499 533 1526 cett.
557 1493 781 1532 Schmidiusfae'
803 1494 992 1530 inseruerat,
1020 1493 1123 1523 minus
1134 1493 1229 1523 bene.
1316 1493 1391 1525 175.
1409 1490 1517 1522 ama
1539 1492 1616 1524 Ald.

161 1542 271 1574 ἁδόντα
285 1545 381 1576 Rom.
398 1546 485 1577 Crat.
503 1546 603 1578 Brub.
621 1546 747 1576 tandem
762 1544 880 1585 ᾀδὸιτα,
897 1545 945 1574 vel
962 1543 1081 1584 ᾅδοντα,
1092 1552 1242 1585 tanquam
1258 1545 1298 1575 ab
1314 1544 1400 1585 ᾅδειν,
1414 1543 1527 1586 ἀείδων,
1543 1545 1614 1576 Mo-

162 1596 233 1628 ren.
255 1596 366 1637 Steph.
387 1602 419 1627 et
441 1598 483 1630 al.
529 1597 709 1628 Schmidius
734 1598 858 1627 refinxit
873 1595 993 1636 ἁδὸντα,
1008 1598 1177 1637 placentem,
1194 1602 1280 1627 recte
1296 1596 1382 1627 haud
1396 1596 1507 1627 dubie.
1548 1593 1615 1625 Sed

162 1645 363 1678 Oxonienses
379 1654 542 1689 putarunt,
556 1646 664 1678 δέδονται
682 1659 772 1689 posse
789 1658 857 1678 esse
873 1649 912 1678 ab
929 1646 999 1684 ἅδον,
1013 1647 1096 1688 quod
1108 1657 1191 1679 nunc
1202 1646 1276 1677 0232»
1289 1653 1349 1680 est.
1394 1646 1439 1677 At
1455 1657 1517 1677 non
1529 1646 1615 1676 vide-

163 1703 251 1738 runt,
273 1699 402 1739 primam
419 1700 451 1730 iu
466 1697 537 1736 ἔδω,
553 1700 676 1730 etiamsi
688 1700 719 1730 in
743 1711 801 1730 usu
819 1705 912 1736 esset,
924 1710 992 1730 esse
1007 1699 1149 1741 longam,
1162 1698 1193 1730 in
1209 1696 1284 1730 εἰδέω
1300 1708 1369 1729 esse
1385 1698 1529 1732 brevem.
1572 1696 1615 1728 Et

162 1746 248 1784 ἂδιῖν,
263 1747 337 1780 aaz·
353 1751 445 1781 toties
457 1751 489 1781 in
506 1751 643 1782 Pindaro
658 1751 805 1782 occurrit.

208 1858 284 1898 1⁷3,
307 1860 338 1889 4.
360 1858 447 1889 Nota
463 1870 512 1889 res
529 1860 578 1890 vel
595 1871 632 1890 ex
646 1861 722 1893 Act.
741 1861 806 1901 Ap.
820 1861 863 1892 ix-

162 1908 194 1939 5.
220 1911 251 1940 6.
280 1917 310 1939 ν.
325 1908 465 1940 Valken.
481 1909 571 1942 Orat.
589 1922 620 1951 p.
637 1914 712 1942 380.
726 1928 769 1935 -
781 1912 860 1942 Sen-

163 1958 334 1989 tentiarum
355 1958 457 1999 igitur
480 1961 558 1991 ordo
583 1961 657 1991 inde
673 1961 713 1990 ab
730 1963 804 1995 131.
821 1962 861 1992 ad

162 2006 187 2039 f.
203 2008 249 2038 ita
266 2009 435 2050 procedere
450 2009 589 2043 videtur.
635 2009 736 2041 Poeta
758 2012 864 2039 monet

165 2057 350 2100 Hieronem,
377 2071 416 2091 ne
444 2061 569 2091 deliniri
597 2072 630 2091 se
655 2061 795 2101 patiatur
820 2060 859 2090 ab

167 2108 396 2146 adulatoribus,
423 2111 489 2152 qui,
514 2112 587 2142 dum
612 2121 682 2141 eum
706 2110 862 2141 demereri

166 2159 266 2190 videri
281 2161 402 2202 volunt,
413 2162 491 2193 alios
501 2162 757 2201 calumniantur3
776 2160 861 2201 quod

167 2209 227 2250 ipsi
256 2215 356 2251 poetae
383 2211 536 2242 accidisse
562 2212 712 2251 videtur3
728 2227 772 2234 —-
788 2212 861 2242 142.

169 2259 227 2289 etsi
258 2259 337 2301 ipse,
375 2262 446 2292 vitae
482 2261 668 2303 integritate
706 2261 861 2301 munitus,

168 2310 304 2350 opprimi
330 2321 435 2342 eorum
465 2312 632 2342 calumniis
654 2318 802 2352 nequeat.
820 2329 864 2334 ——

167 2360 243 2391 147.
269 2360 363 2401 Apud
387 2361 468 2392 viros
490 2362 573 2391 enim
604 2361 718 2402 probos
744 2361 862 2391 nullam

166 2408 298 2440 istorum
309 2410 545 2442 criminatorum
555 2423 623 2442 esse
632 2413 863 2446 auctoritatem,

168 2459 226 2489 etsi
242 2459 289 2490 illi
304 2462 494 2492 assentando
511 2463 635 2492 cunctis
651 2472 768 2502 magna
780 2462 863 2492 mala

168 2518 276 2540 creare
306 2515 584 2552 possunt‚—152.
616 2523 649 2542 se
672 2519 782 2544 contra
804 2522 863 2544 nec

166 2558 317 2591 simulare
332 2562 501 2593 amicitiam
519 2573 577 2593 nec
592 2563 698 2593 odium
715 2563 862 2593 dissimu-

168 2607 389 2645 lare.—156.
414 2613 481 2643 Nec
496 2624 529 2644 se
548 2613 608 2644 sibi
634 2613 664 2643 in
690 2613 748 2643 hoc
778 2624 863 2644 more

917 1860 1106 1900 displicere3
1141 1860 1224 1890 viros
1248 1860 1329 1890 enim
1354 1857 1555 1899 simplicibus
1583 1863 1616 1888 et

917 1910 1059 1940 candidis
1075 1909 1214 1940 moribus
1227 1910 1259 1940 in
1273 1909 1419 1940 omnibus
1431 1907 1617 1940 civitatibus

916 1961 1197 2002 probari.—-161.
1224 1959 1316 1995 Quod
1332 1959 1358 1989 si
1372 1959 1499 1989 fortuna
1522 1958 1617 1988 modo

916 2012 1008 2041 bonis
1024 2011 1117 2041 modo
1140 2010 1230 2041 malis
1258 2009 1396 2052 propitia
1419 2020 1487 2039 esse
1510 2009 1616 2040 soletz

918 2067 966 2091 est
990 2061 1020 2091 id
1042 2071 1131 2100 aequo
1154 2060 1259 2090 animo
1278 2059 1463 2099 ferendum3
1483 2076 1523 2083 --
1540 2060 1615 2091 165.

916 2111 974 2140 etsi
1004 2120 1043 2140 ne
1068 2110 1127 2141 hoc
1155 2109 1282 2150 quidem
1307 2109 1425 2151 (ριιῑοε
1451 2108 1536 2149 quod
1559 2108 1621 2150 ipsi

915 2160 1062 2191 secundis
1076 2160 1169 2190 rebus
1186 2158 1338 2201 utuntur)
1352 2158 1515 2189 hominum
1543 2158 1618 2189 isto·

917 2220 999 2250 rum,
1015 2210 1088 2240 dum
1105 2210 1215 2241 alienis
1232 2209 1325 2240 bonis
1345 2208 1500 2248 invident,
1528 2208 1618 2249 cupi-

917 2261 1030 2291 ditates
1060 2260 1219 2291 exsatiat:
1257 2259 1391 2289 aliorum
1417 2258 1500 2288 enim
1534 2258 1618 2288 bona

917 2321 1043 2352 semper
1066 2310 1257 2341 trutinantes
1280 2314 1312 2340 et
1327 2309 1451 2350 potiora
1472 2308 1534 2340 suis
1549 2318 1619 2339 esse

918 2362 1095 2403 opinantes,
1110 2362 1248 2393 animum
1266 2359 1429 2397 arr-odunt,
1444 2359 1546 2389 donec
1570 2368 1618 2393 ea,

918 2422 988 2452 quae
1017 2411 1251 2448 machinantur,
1280 2408 1439 2449 assequuti
1477 2407 1614 2438 fuerint:

916 2462 969 2503 (ut
998 2462 1195 2492 adversarios
1225 2460 1316 2490 bonis
1346 2458 1410 2489 suis
1437 2455 1618 2497 exuant)—

918 2515 993 2543 170.
1018 2512 1056 2543 ad
1084 2520 1168 2544 extr.
1205 2511 1338 2542 Praestat
1361 2517 1418 2539 sua
1441 2513 1525 2538 sorte
1549 2516 1619 2537 esse

917 2568 1112 2595 contentum·
