1877 3137
259 214 300 253 xl
784 186 1189 250 PRAEmmo.

264 354 357 392 opes
377 341 610 378 Bodleianas
638 340 791 377 illatum
818 352 912 376 esse.
970 339 1115 376 Praeter
1142 340 1212 376 hos
1233 339 1383 375 codices
1407 336 1491 385 jam
1513 351 1700 377 excussos

262 405 381 442 habet
414 403 656 439 bibliotheca
688 402 858 450 Collegii
892 401 930 438 S.
961 401 1196 437 Emanuelis
1232 396 1499 449 Cantabrigiae
1537 401 1697 437 Pindari

263 466 407 502 librum
429 465 633 512 scriptum,
653 463 721 511 qui
742 475 765 498 a
785 462 934 511 Pythiis
956 462 1093 510 incipit
1115 477 1122 498 :
1160 466 1199 497 et
1229 462 1391 498 ecclesia
1425 462 1698 498 westmonas-

262 525 438 563 teriensis
467 525 603 568 alium,
634 525 700 572 qui
733 523 930 572 Olympia,
970 522 1112 570 Pythia
1140 529 1178 559 et
1205 522 1356 559 Nemea
1385 522 1696 570 comprehendit.

264 586 397 624 Etiam
419 585 574 622 Pindari
592 585 822 633 particulam
840 596 929 621 curn
951 584 1110 620 scholiis
1124 584 1294 632 possedit
1314 584 1409 620 olim
1430 584 1503 620 Th.
1523 585 1633 621 Gale.

317 650 423 686 Inter
462 648 511 684 Is.
551 646 679 682 Vossii
723 647 842 682 libros
864 660 867 662 ·
892 652 967 682 tres
1006 647 1168 693 scriptos
1204 646 1355 681 codices
1387 645 1547 682 Pindari
1583 653 1701 684 nacta

263 716 321 747 est
356 710 593 747 bibliotheca
626 707 842 749 LeidensiS,
878 719 1004 743 unum
1044 707 1344 754 bombycinum,
1378 707 1570 755 Olympia
1606 719 1696 744 cum

263 772 433 815 scholiis,
476 771 553 806 duo
587 769 755 816 reliquos
794 769 1033 811 chartaceos,
1073 768 1242 806 alterum
1288 768 1487 816 Olympia,
1530 769 1699 805 alterum

262 832 404 881 Pythia
423 844 511 868 cum
530 831 666 867 iisdem
688 830 911 877 complexos
932 845 939 865 :
990 842 1142 871 omnes,
1172 836 1366 878 quantum
1397 830 1554 877 quidem
1576 830 1695 867 intel-

260 897 357 944 ligo,
380 895 631 938 recentiore53
664 905 740 940 qua
760 893 806 929 de
835 905 874 928 re
904 898 1035 928 tamen
1068 893 1159 928 viris
1189 893 1230 928 in
1260 892 1399 929 litteris
1420 892 1697 940 Graecis'prin-

261 957 427 1005 cipibus,
446 953 703 990 Valckenario
721 960 760 990 et
779 952 1036 997 Ruhnkenio,
1054 954 1176 989 nostri
1192 950 1697 999 amantissimis,judicium

264 1018 534 1065 relinquimus.

314 1086 559 1121 Bibliotheca
598 1085 727 1135 Regia
765 1085 893 1133 (nunc
935 1086 1049 1134 Reip.
1081 1086 1232 1128 Franc.)
1267 1085 1490 1122 Parisiensis
1531 1086 1693 1124 Pindari

261 1146 411 1183 codices
430 1146 546 1181 habet
566 1146 611 1182 ad
642 1148 825 1184 tredecim
845 1162 852 1184 ι
887 1153 930 1182 ut
951 1148 1092 1183 mirum
1123 1148 1186 1189 sit,
1209 1159 1281 1183 nec
1301 1147 1593 1184 Chabanonum
1622 1161 1695 1185 nec

259 1207 544 1243 Vauvillerium
563 1208 609 1244 de
626 1208 871 1256 inspiciendo
891 1209 990 1244 libro
1011 1209 1154 1255 scripto
1171 1209 1377 1256 cogitasse.
1432 1208 1584 1244 Omnes
1601 1214 1696 1245 sunt

259 1274 432 1305 recentes
452 1270 558 1311 satis,
589 1270 774 1306 nonnulli
795 1271 1061 1306 recentissimi.
1117 1270 1297 1317 Plerique
1319 1270 1503 1318 Olympia
1521 1275 1692 1312 tantum,

258 1332 322 1368 alii
345 1330 479 1367 eadem
507 1343 596 1366 cum
626 1330 856 1379 Pythiorum
885 1338 1009 1379 parte,
1038 1332 1104 1367 alii
1134 1331 1275 1379 Pythia
1303 1337 1341 1367 et
1371 1330 1533 1373 Nemea,
1562 1336 1692 1367 totum

256 1392 473 1428 Pindarum
495 1398 568 1429 tres
589 1398 746 1429 tanturn
768 1393 966 1436 exhibent,
996 1405 1099 1429 unus
1121 1393 1215 1429 Saec.
1236 1405 1301 1429 xv.
1326 1393 1423 1429 alter
1442 1393 1524 1428 xvi.
1554 1393 1692 1429 tertius

258 1454 518 1501 bombycinus
536 1456 584 1492 ad
601 1455 694 1492 Saec.
712 1456 793 1492 xiii.
807 1460 981 1502 spectare
1002 1455 1138 1498 fertur,
1160 1467 1248 1490 cum
1267 1454 1424 1490 scholiis
1446 1455 1488 1490 in
1510 1455 1693 1503 margine

259 1522 297 1553 et
323 1518 465 1565 glossis
498 1517 600 1552 inter
616 1517 765 1562 lineas,
803 1528 907 1551 unus
935 1516 1000 1551 ille
1021 1517 1123 1551 inter
1142 1527 1280 1551 omnes
1300 1521 1462 1557 ceteros,
1482 1526 1603 1562 quem
1630 1515 1694 1550 in·

257 1586 432 1627 spectum
450 1591 472 1615 a
502 1579 583 1613 viro
613 1577 729 1614 docto
758 1584 796 1613 et
825 1584 1093 1625 comparatum
1124 1589 1214 1613 cum
1245 1577 1416 1626 vulgatis
1446 1588 1529 1612 esse
1557 1576 1692 1619 velim,

257 1639 329 1677 Est
358 1643 389 1677 is
407 1654 445 1677 n.
479 1639 595 1676 2403.
615 1638 872 1676 Cleomedem
893 1639 960 1674 Gr.
990 1639 1142 1687 aliaque
1158 1638 1309 1676 habens
1329 1632 1694 1674 eodem'volumine

259 1702 554 1750 comprehensa.

308 1764 355 1799 In
375 1763 584 1799 Germania
600 1762 760 1799 tandem
775 1762 1096 1799 Vindobonensis
1112 1763 1351 1799 bibliotheca
1364 1762 1517 1799 codices
1532 1761 1692 1798 Pindari

256 1826 392 1861 saltem
427 1830 617 1872 quatuor:
648 1824 924 1873 Olympiorum
956 1825 1085 1868 binos,
1116 1826 1282 1862 alterum
1303 1836 1395 1861 cum
1427 1823 1613 1870 scholiis3
1653 1828 1693 1859 et

253 1886 331 1922 duo
350 1887 459 1928 alios,
476 1887 543 1933 qui
561 1887 696 1922 omnia
712 1886 868 1922 Pindari
883 1887 1252 1932 carniinasexhibere
1269 1890 1479 1922 narrantur
1494 1900 1502 1922 z
1538 1886 1691 1934 (omnes

254 1953 348 1984 sunt
368 1948 614 1989 recentiores,
637 1954 831 1994 quantum
867 1961 913 1984 ex
945 1947 1116 1984 Nesselii
1146 1948 1288 1984 notitia
1308 1947 1488 1984 biblioth.
1517 1946 1690 1983 Vindob-

254 2009 405 2056 assequi
425 2009 547 2055 licet).
594 2012 773 2058 Augusta
788 2016 920 2046 autem
940 2010 1239 2046 Vindelicorum
1257 2011 1299 2046 in
1318 2009 1568 2045 bibliothecae
1590 2008 1689 2057 pub-

253 2070 338 2105 licae
361 2070 500 2117 pluteis
522 2076 648 2106 servat
669 2071 818 2107 codices
839 2076 1007 2119 quatuor
1027 2084 1049 2107 a
1068 2071 1230 2108 Reisero
1251 2083 1286 2119 p.
1310 2070 1371 2110 78.
1393 2070 1460 2107 81.
1480 2070 1543 2106 83.
1564 2070 1604 2105 in
1621 2068 1690 2105 In-

256 2131 381 2166 dicem
414 2131 568 2167 relatos.
625 2132 670 2167 In
712 2133 839 2180 primo
868 2133 1151 2170 Demosthenis
1182 2132 1441 2169 Orationibus
1480 2132 1688 2168 nonnullis

253 2189 438 2236 subjectae
460 2198 553 2228 sunt
570 2192 613 2228 P.
631 2193 728 2229 Odae
749 2194 915 2242 aliquot.
933 2195 984 2232 cf.
1004 2194 1212 2231 Reiskium
1241 2196 1280 2231 in
1304 2194 1455 2242 praefat.
1482 2193 1693 2230 Demosth.

252 2265 289 2301 p.
305 2252 399 2288 lxix.
417 2253 497 2289 lxx.
520 2259 635 2301 atque
650 2255 731 2291 haec
750 2255 971 2305 fragmenta
987 2268 1069 2293 esse
1083 2257 1261 2300 arbitror,
1281 2267 1448 2304 quorum
1467 2255 1688 2303 discrepan-

253 2318 310 2349 tes
331 2313 520 2349 lectiones
551 2315 598 2350 ad
628 2315 872 2353 Schmidium
901 2318 1059 2355 miserat
1089 2318 1188 2355 Dav.
1212 2317 1486 2355 Hoeschelius:
1526 2328 1618 2353 cum
1643 2329 1690 2353 eo

253 2380 426 2421 tempore
447 2375 625 2411 nondum
647 2377 744 2413 alius
762 2379 927 2426 scriptus
949 2379 1109 2416 Pindari
1126 2380 1224 2416 liber
1244 2380 1285 2415 in
1307 2391 1352 2415 ea
1366 2378 1605 2414 bibliotheca
1621 2390 1688 2414 ex-

250 2440 362 2471 taret.
415 2436 556 2472 Alter÷÷
586 2437 750 2481 Nemea,
771 2451 888 2487 quem
908 2452 998 2477 cum
1019 2441 1183 2490 vulgata
1202 2441 1370 2478 lectione
1390 2444 1589 2486 comparet
1607 2439 1686 2474 uti-

252 2508 341 2532 nam
362 2497 421 2533 vir
441 2498 577 2534 doctus
598 2511 675 2535 una
695 2511 784 2536 cum
806 2501 974 2538 Scholiis
1004 2504 1043 2540 in
1068 2503 1249 2546 Isthmia,
1277 2502 1446 2538 laudatis
1466 2501 1628 2537 Reisero
1649 2512 1687 2548 p.

250 2558 313 2598 79.
334 2559 411 2595 duo
434 2560 571 2608 reliqui
591 2560 777 2609 Olympia
793 2563 994 2607 exhibent,
1012 2576 1114 2601 unus
1131 2577 1222 2601 curn
1243 2565 1424 2607 Scholiis,
1441 2563 1489 2600 ab
1505 2562 1686 2610 Adolpho

249 2619 408 2657 Occone
429 2620 579 2658 medico
600 2622 778 2670 scriptus,
801 2623 896 2660 alter
916 2636 1006 2661 cum
1026 2626 1167 2675 glossis
1185 2626 1518 2663 interlinearibus.
1570 2623 1684 2661 Misit

592 2737 609 2754 ³¹⁵
630 2737 704 2767 Esse
723 2739 803 2770 hune
817 2739 848 2769 in
865 2740 995 2781 amissis,
1008 2742 1184 2772 nuntiatum
1200 2742 1272 2772 mihi
1289 2749 1346 2774 est.
