1877 3137
710 520 1038 570 ΠΥΘΙΑ.

780 706 928 739 ΕῙΔΟΣ
954 702 998 751 ζ’.

185 891 861 955 ΜΕΓΑΚΛΕΙ
950 880 1561 965 ΑΘΗΝΑΙῼ,

711 1106 1032 1147 ΤΕΘΡΙΠΠῼ.

627 1448 1088 1493 ARGUMENTUM.

154 1573 301 1616 Brmvi
332 1573 413 1615 hoc
445 1571 626 1614 carmine
658 1570 922 1615 commendat
941 1571 1139 1617 victorem
1168 1574 1305 1630 primo
1344 1588 1416 1632 per
1454 1576 1595 1620 laudes

156 1632 412 1672 Athenarum
448 1644 472 1670 a
501 1643 665 1672 summa
687 1629 798 1671 urbis
828 1628 1133 1679 claritate—7.
1163 1646 1188 1674 a
1208 1633 1376 1685 civium,
1406 1634 1596 1690 inprimis

154 1687 545 1738 Alemaeonidarum‚
575 1687 837 1729 fama—ll.
879 1701 902 1727 a
940 1687 1197 1732 victoriarum
1237 1690 1512 1734 decoribus—
1529 1696 1595 1735 18.

154 1746 412 1802 Deprecatur
432 1744 644 1787 invidiam.

711 1898 762 1941 Σ.
825 1901 879 1940 K.
902 1898 946 1952 ζ.

382 2023 820 2090 ΚΑΛΛΙΣΤΟΝ
846 2033 897 2084 αἱ
914 2029 1259 2103 μεγαλοπόλιες
1285 2030 1497 2085 Ἀθᾶναι

377 2118 634 2191 Πξοοῖμιον,
657 2117 985 2189 Ἀλκμανιδᾶν

197 2290 227 2319 2.
246 2287 461 2327 Ἀλκμαιηδῖιν
484 2288 587 2319 Oxou.
624 2298 664 2318 ex
697 2287 787 2318 Bodl.
817 2300 850 2327 ιγ.
875 2291 907 2317 et
945 2287 990 2317 sic
1012 2294 1139 2327 quoque
1170 2285 1285 2318 Aldus.
1328 2284 1477 2317 Debebat
1502 2285 1598 2316 scribi

149 2337 367 2378 Ἀλπμινιδῖιῃ
383 2340 466 2380 quod
484 2344 515 2369 et
539 2339 685 2380 Gotting.
701 2338 808 2370 habet.
830 2338 959 2370 AEolica
981 2337 1081 2369 forma
1107 2347 1164 2379 pro
1182 2336 1361 2379 Ἀλιμαῖων
1374 2337 1435 2368 fuit
1448 2336 1600 2377 Ἀλκμὲι,

155 2395 190 2420 ut
216 2388 369 2431 'AquEv,
398 2388 550 2422 Ποσειδῶ.
607 2390 720 2421 Paullo
751 2395 822 2431 post
847 2390 914 2423 viii.
951 2392 1006 2422 80.
1045 2390 1220 2429 Ἀλκμᾶνα.
1246 2386 1484 2429 'nup-mann·
1507 2388 1599 2420 Rom.

150 2440 377 2482 Ἀλκμανιδᾶν
399 2442 488 2475 Crat.
503 2447 535 2474 et
551 2441 624 2483 hoc,
639 2441 813 2473 secundum
830 2442 1041 2484 Scholiasten,
1057 2441 1131 2474 edd.
1150 2451 1238 2482 seqq.
1250 2440 1462 2472 retinuerunt.

197 2573 275 2605 Erat
297 2573 461 2617 Megacles
493 2584 534 2606 ex
559 2574 846 2607 Alcmaeonidarum
904 2585 961 2606 nos
976 2580 1046 2617 post
1062 2584 1202 2617 pugnam
1219 2573 1421 2605 Salaminiam
1438 2573 1492 2606 01.
1509 2574 1597 2608 lxxv.

153 2622 263 2664 stirpe.
310 2624 444 2655 Videtur
469 2624 568 2656 fuisse
591 2625 796 2667 Hippocratis
822 2626 848 2659 f.
903 2630 938 2658 1.
955 2625 1083 2656 factam.

154 2672 325 2714 Agarhtae,
341 2685 412 2715 quae
426 2675 560 2706 Periclis
585 2679 685 2707 mater
699 2675 771 2713 fuit,
786 2676 849 2706 fra·
946 2678 978 2707 1.
1003 2675 1054 2705 Ad
1070 2674 1229 2705 exordium
1243 2674 1352 2714 hymni
1367 2674 1398 2705 in
1408 2673 1598 2707 Alcmaeoui-

154 2725 211 2752 ter.
258 2722 400 2754 Victoria
416 2725 484 2755 haec
507 2725 646 2765 Pythiea
669 2725 724 2757 Ol.
746 2726 849 2757 lxxvi.
904 2725 974 2756 dam
991 2729 1120 2767 propter
1134 2723 1296 2754 victorium
1313 2724 1456 2755 curulem
1472 2725 1597 2767 pulcer·-

152 2769 294 2811 3.Pyth.
311 2775 428 2807 xxviii.
454 2775 624 2817 obtigerat,
650 2775 771 2816 aliquot
794 2785 849 2807 an·
904 2774 981 2806 rima
1018 2774 1165 2805 materies
1201 2779 1249 2805 est
1284 2774 1355 2805 laus
1383 2774 1597 2807 Athenarum.
