1877 3137
664 228 1087 270 PRAEFATIO.
1576 225 1645 267 xxi

203 357 297 403 sim
321 354 576 402 laudantur
596 374 606 409 3
645 354 730 400 sed
753 358 1013 400 occurrunt
1034 349 1195 397 adhuc
1221 348 1492 406 Ammonii‚
1521 349 1652 397 Aris·

205 429 371 484 tarchi,
399 427 713 482 Aristodemi,
731 428 814 490 qui
846 427 951 488 ejus
981 424 1249 487 discipulus
1287 423 1393 477 fuit,
1431 423 1651 471 Artemo-

205 505 296 558 nis,
326 502 649 564 Asclepiadae,
684 501 889 562 Didymi
931 499 1155 562 Dionysii
1190 497 1465 552 Phaselitae,
1493 497 1651 560 Chry-

203 578 349 639 sippi,
375 577 459 640 qui
485 577 535 622 in
555 575 741 622 Nemea
762 581 808 620 et
832 574 1037 621 Isthmia
1059 578 1418 619 commentatus
1441 572 1649 628 videtur,

202 652 402 698 nomina
418 652 466 697 in
492 649 717 704 Scholiis,
741 664 853 712 quae
877 649 1114 695 habemus
1133 647 1178 692 ἢ
1252 646 1377 692 Sunt
1409 651 1573 692 autem
1596 662 1652 692 ea

203 724 473 772 nihilaliud
493 740 639 786 quam
665 729 1000 786 apospasmata
1032 737 1093 768 ex
1139 720 1382 767 veteribus
1414 735 1654 781 gramma-

204 802 325 857 ticis,
358 800 582 863 adspersa
605 800 782 863 passim
800 799 1027 845 codicum
1055 796 1377 858 marginibus,
1397 801 1444 841 et
1467 810 1556 856 per
1580 795 1654 840 in-

204 879 461 936 sequentes
474 879 636 919 aetates
665 874 803 920 novis
817 874 1025 919 aliorum
1046 870 1310 917 observatis
1337 875 1385 915 et
1403 884 1653 915 commen-

206 947 266 993 tis
289 953 443 1002 aucta,
472 953 616 1009 atque
646 947 763 994 hinc
784 948 974 1002 iterum,
1000 945 1148 992 modo
1167 961 1280 991 cum
1315 944 1522 999 delectU,
1548 960 1653 990 mo-

205 1022 270 1068 do
289 1027 433 1083 prout
450 1021 547 1067 fors
562 1021 810 1067 librariive
829 1020 1074 1066 festinatio
1093 1020 1170 1065 vel
1190 1018 1442 1065 oscitantia
1453 1017 1652 1074 ferebat,

206 1095 257 1141 in
272 1111 400 1141 nova
417 1096 716 1157 exemplaria
730 1095 862 1142 varie
876 1095 1176 1157 transcripta.
1200 1093 1275 1139 Ex
1292 1093 1351 1139 iis
1366 1093 1655 1155 exemplari-

205 1169 312 1225 bus,
329 1185 444 1232 quae
462 1171 512 1216 in
531 1169 764 1231 Calliergi
784 1185 956 1216 manus
972 1167 1506 1231 pervenerantvulgata
1542 1172 1658 1213 sunt

209 1245 406 1291 Scholia
435 1261 545 1307 quae
584 1244 836 1300 habemus,
882 1250 1058 1291 vetera
1097 1242 1243 1298 dicta,
1283 1242 1464 1304 quibus
1502 1242 1656 1287 multa

205 1319 443 1381 praeclara
466 1319 741 1379 fragmenta
783 1324 1000 1364 veterum
1042 1316 1472 1379 grammaticorum
1513 1315 1656 1361 nobis

205 1398 390 1439 servata
420 1399 548 1448 sunt,
595 1409 705 1455 quae
748 1393 807 1439 si·
835 1392 1105 1453 periissent,
1155 1391 1310 1437 multa
1343 1390 1394 1436 in
1441 1387 1655 1435 Pindaro

206 1483 335 1513 nunc
354 1468 704 1529 ignoraremus.
744 1466 882 1513 Nihil
902 1466 977 1513 his
998 1466 1209 1513 Scholiis
1222 1464 1421 1512 aliunde
1440 1465 1655 1521 accessit,

206 1543 293 1588 etsi
310 1542 511 1604 repetita
528 1542 727 1588 fuerunt
757 1543 808 1588 in
833 1540 945 1588 edd.
985 1540 1238 1587 Brubach.
1279 1540 1557 1587 Genevens.
1602 1545 1651 1585 et

211 1614 481 1661 Oxoniensi
502 1636 513 1670 3
551 1631 682 1670 nam,
722 1631 833 1677 quae
874 1615 926 1660 in
965 1615 1056 1660 hac
1095 1615 1240 1660 variis
1274 1615 1570 1660 lectionibus
1594 1613 1656 1660 ad

212 1686 444 1751 Olympia
461 1689 754 1752 interspersa
778 1694 890 1735 sunt
908 1689 1073 1736 brevia
1096 1688 1284 1735 scholia
1302 1693 1350 1734 et
1393 1688 1567 1749 glossae
1586 1688 1657 1734 in-

209 1762 485 1808 terlineares
509 1778 535 1808 e
561 1762 706 1809 Bodl.
733 1762 896 1818 codd.,
920 1763 1096 1824 exigui
1115 1768 1200 1808 aut
1215 1762 1399 1808 nullius
1421 1767 1534 1807 suut
1556 1777 1659 1807 mo-

207 1836 373 1882 menti.
444 1836 677 1882 Dubitari
703 1837 847 1883 etiam
890 1843 1061 1898 potest,
1099 1837 1138 1882 si
1182 1837 1390 1882 aliorum
1430 1835 1658 1882 codicum

209 1909 407 1956 Scholia
429 1917 788 1973 comparentur,
814 1927 874 1956 an
896 1927 956 1957 ex
982 1912 1044 1957 iis
1060 1911 1214 1957 multa
1235 1916 1432 1958 erutura
1454 1910 1517 1959 sit
1533 1910 1659 1956 viro-

205 2000 315 2030 rum
336 1984 593 2031 doctorum
614 1985 872 2041 industria,
894 2002 1004 2048 quae
1032 1986 1242 2045 vulgatis
1266 1985 1417 2032 attexi
1453 1992 1501 2031 et
1534 1984 1658 2031 inse-

204 2059 244 2104 ri
264 2067 560 2105 mereantur.
623 2059 854 2121 Subjecta
894 2066 1023 2116 sunt,
1048 2061 1209 2106 statim
1234 2061 1286 2106 in
1311 2059 1389 2106 ed.
1419 2059 1656 2113 Romana,

203 2132 263 2181 ad
290 2134 470 2180 calcem
489 2134 763 2180 carminum
793 2134 1142 2197 Olympiorum
1180 2133 1394 2182 Scholia
1417 2134 1662 2181 recentio-

204 2222 330 2264 rum,
351 2224 462 2271 quae
487 2216 675 2265 vocant,
705 2209 959 2255 Demetrio
979 2209 1238 2265 Triennio,
1254 2215 1307 2256 ut
1325 2209 1375 2255 in
1399 2208 1556 2254 fronte
1580 2223 1659 2254 eo-

204 2297 314 2328 rum
354 2288 574 2329 notatum
599 2288 683 2339 est,
708 2284 858 2345 vulgo
884 2284 1080 2330 tributa.
1153 2283 1209 2329 Id
1234 2282 1367 2346 quod
1413 2288 1576 2328 tamen
1612 2288 1660 2328 et

203 2354 271 2401 ibi
292 2372 464 2418 parum
483 2356 672 2418 liquida
706 2357 804 2404 fide
828 2357 897 2413 fit,
933 2365 994 2413 et,
1017 2358 1111 2404 nisi
1136 2357 1329 2404 laciniae
1353 2357 1530 2404 alienae
1554 2372 1660 2419 pas-

200 2428 294 2474 sim
319 2429 511 2476 insertae
535 2438 662 2487 sunt,
692 2431 891 2478 Scholio
914 2432 976 2479 ad
1002 2432 1201 2494 Olymp.
1229 2432 1336 2478 xiii.
1359 2431 1442 2478 69.
1470 2446 1520 2492 p.
1541 2427 1656 2478 156.

199 2502 276 2549 ed.
327 2502 491 2551 Oxon.
516 2506 609 2552 col.
633 2508 680 2552 1.
696 2506 733 2552 f.
754 2505 1003 2564 refellitur,
1035 2506 1121 2553 ubi
1140 2513 1307 2554 auctor
1334 2522 1384 2552 se
1402 2505 1463 2552 de
1478 2505 1658 2551 Jasone

201 2579 524 2628 narrationem
563 2581 811 2642 copiosius
850 2581 911 2627 ad
960 2581 1334 2644 Lycophronem
1375 2579 1656 2642 exposuisse

199 2654 282 2701 ait.
340 2654 542 2702 Factum
559 2663 721 2704 autem
743 2657 837 2704 hoc
870 2658 922 2705 in
951 2657 1162 2720 vulgatis
1192 2658 1283 2704 sub
1322 2655 1521 2702 Tzetzae
1567 2669 1656 2701 no-

246 2795 265 2814 *
295 2793 472 2825 Pleniorem
510 2806 594 2827 nunc
624 2796 737 2829 horum
761 2781 931 2830 recensum*
952 2799 1102 2830 habemus
1143 2798 1176 2828 iu
1209 2796 1362 2829 Biblioth.
1400 2807 1451 2838 gr.
1490 2794 1657 2826 Fabricio-

202 2842 328 2877 naues.
350 2847 470 2880 tom.ii.
494 2858 526 2890 p.
540 2848 592 2881 65.
615 2859 663 2889 sq.
