1877 3137
283 226 398 270 xxxii
813 225 1223 268 PRAEFATIO.

275 359 324 397 ab
343 361 452 397 omni
472 359 668 397 diviniore
693 359 817 397 animi
837 361 876 397 vi
897 366 935 397 et
959 359 1109 409 impetu
1129 369 1286 408 prorsus
1307 357 1544 405 deturbavit,
1564 365 1618 405 et,
1639 358 1717 398 dis-

273 423 479 472 positionis
489 424 646 472 synopsi
667 423 808 472 cuique
827 424 992 460 carmini
1010 422 1223 471 praemissa,
1239 421 1351 458 humi
1367 421 1506 458 afflixit
1523 428 1716 472 tanquam

274 484 493 533 pedestrem
514 497 563 522 ex
591 484 713 535 vulgo
733 485 964 534 scriptorem
983 500 991 521 ε
1030 496 1108 532 quo
1128 483 1278 520 factum
1298 488 1372 527 est,
1394 490 1452 527 ut,
1473 484 1546 521 etsi
1566 495 1712 534 magna

273 545 498 583 Graecarum
518 546 739 584 litterarum
753 547 866 595 eopia
895 547 1124 589 instructus,
1153 550 1334 582 contorte
1362 545 1490 581 multa
1517 550 1557 581 et
1584 546 1714 583 invito

273 607 461 644 carminis
479 607 589 656 lyrici
609 607 739 644 Genio
759 608 1083 656 interpretaretur
1099 623 1111 654 3
1149 613 1269 656 utque
1291 606 1459 644 omnino
1480 607 1521 642 in
1541 607 1590 643 iis
1603 606 1716 650 locis,

275 679 442 716 quorum
461 668 742 706 obscuritatem
759 669 822 705 vel
843 668 1116 705 difficultatem
1154 674 1200 706 ut
1232 668 1362 712 tollas,
1397 680 1539 705 sensus
1571 668 1714 717 aliquis

276 729 442 777 poeticae
464 729 618 766 virtutis
639 730 700 766 vel
719 731 878 778 spiritus
897 730 1082 767 audacior
1102 735 1141 766 et
1157 729 1204 766 ad
1227 729 1472 766 Pindaricam
1494 729 1715 769 sublimita-

277 796 358 827 tem
380 802 592 840 assurgens
613 792 836 838 requiritur,
857 791 998 828 infelix
1017 791 1097 827 fere
1128 791 1194 827 ille
1213 795 1314 827 esset
1330 802 1448 838 opera
1466 796 1506 826 et
1525 791 1717 841 interpre-

281 853 449 889 tatione.
476 852 523 889 ln
546 852 853 902 chronologicis,
873 865 962 901 quae
977 853 1025 889 ad
1045 852 1300 901 Olympiadas
1317 857 1355 888 et
1374 852 1584 900 Pythiadas
1604 866 1714 903 spec-

277 918 378 956 tant,
400 913 509 949 Sethi
529 913 695 949 Caluisii
725 926 842 962 opera
861 911 1018 960 adjutus
1055 914 1214 964 longius
1234 924 1462 963 progressus
1500 919 1574 959 est,
1595 926 1715 963 quam

277 974 346 1010 illo
369 982 561 1022 tempore,
582 974 713 1011 studio
747 975 821 1012 hoc
841 976 909 1012 vix
928 975 1127 1019 inchoato,
1149 976 1343 1024 expectari
1374 980 1541 1024 poterat.
1596 977 1715 1025 Spem

276 1035 433 1072 tandem
475 1036 619 1073 fecerat
653 1036 712 1072 vir
731 1036 980 1074 doctissimus
998 1036 1135 1086 Lexici
1156 1037 1367 1081 Pindarici,
1389 1049 1457 1074 seu
1478 1037 1714 1091 Πινδαροτα-

275 1095 392 1150 μείου,
410 1098 521 1146 cujus
536 1099 732 1147 specimen
750 1101 956 1149 proposuit
975 1101 1016 1138 in
1033 1100 1185 1149 praefat.
1203 1101 1307 1150 quod
1320 1108 1454 1140 tamen
1470 1103 1715 1141 intercidisse

277 1175 359 1199 non
381 1163 570 1198 dolemus

329 1220 514 1277 Πινδάρου
545 1219 714 1277 περίοδος
733 1246 785 1252 -
805 1223 868 1260 Jo.
888 1223 1128 1261 Benedictus
1165 1224 1222 1261 M.
1251 1225 1305 1261 D.
1328 1230 1365 1261 et
1399 1227 1437 1262 z'n
1473 1225 1717 1263 Salmuriensi

382 1290 498 1326 Acad.
519 1289 566 1326 R.
593 1288 750 1335 Linguce
775 1287 922 1324 Graecoe
944 1286 1056 1334 Prqf.
1075 1308 1129 1314 —
1148 1287 1332 1324 Salmurii
1357 1288 1473 1325 1620.
1501 1290 1542 1325 4.

327 1350 361 1387 T
367 1352 509 1387 itulum
529 1351 656 1399 operis
673 1351 874 1399 promissis
905 1350 999 1386 satis
1021 1351 1279 1400 magnificum
1312 1351 1529 1388 describere
1555 1364 1715 1390 necesse

278 1425 357 1449 non
374 1418 456 1459 est3
490 1424 562 1449 nec
583 1413 716 1449 minus
748 1411 958 1461 magnifiee
979 1411 1149 1460 plurima
1183 1412 1391 1460 pollicetur
1409 1412 1601 1461 praefatio.
1631 1411 1716 1448 Ha-

277 1474 392 1510 bebat
413 1482 545 1510 tamen
575 1474 635 1509 vir
654 1473 918 1516 doctissimus,
949 1485 1034 1520 quae
1056 1485 1145 1509 vere
1163 1474 1209 1510 de
1228 1486 1269 1510 se
1287 1473 1496 1523 praedicare
1530 1478 1682 1522 poterat
1706 1489 1714 1509 z

277 1547 370 1572 nam
391 1536 431 1575 in
465 1535 767 1583 interpretandis
790 1535 1001 1571 sententiis
1021 1534 1204 1582 praeclara
1223 1532 1306 1581 ejus
1342 1540 1400 1571 est
1419 1546 1550 1583 opera,
1570 1534 1713 1582 partim

277 1600 456 1636 versione
477 1599 680 1648 recognita
702 1605 740 1634 et
760 1598 984 1646 paraphrasi
1019 1598 1145 1635 latina
1178 1599 1349 1646 primum
1386 1597 1532 1639 addita,
1571 1597 1714 1645 partim

277 1662 370 1708 ipsis
391 1661 697 1703 commentariis,
716 1661 797 1708 qui,
819 1661 893 1697 etsi
929 1661 970 1696 in
1002 1659 1049 1696 iis
1086 1660 1217 1697 multa
1251 1660 1432 1710 vulgaria
1466 1659 1716 1698 accumulata

276 1723 367 1766 sint,
388 1724 503 1760 bonae
524 1729 656 1759 tamen
672 1723 798 1772 frugis
819 1722 940 1770 pleni,
962 1727 1000 1758 et
1021 1722 1208 1768 praeelaro
1225 1721 1358 1769 aliquo
1378 1720 1558 1769 exemplo
1576 1722 1632 1757 ita
1650 1720 1714 1756 in-

275 1785 403 1820 stituti
422 1790 529 1827 sunt,
553 1790 595 1821 ut
613 1784 734 1832 lyrica
753 1784 878 1820 oratio
915 1783 1045 1821 verbis
1067 1783 1299 1832 vulgaribus
1319 1784 1457 1832 graecis
1479 1783 1711 1827 illustretur,

277 1856 327 1883 ex
347 1847 585 1883 scholiorum
619 1846 701 1883 fere
721 1851 908 1895 apparatu
933 1857 1012 1881 non
1037 1842 1285 1892 sinejudicio
1316 1845 1532 1892 excerpti53
1563 1851 1609 1881 ut
1640 1845 1714 1882 hac

277 1910 436 1959 quidem
466 1916 590 1957 parte,
611 1921 698 1957 quae
732 1909 1023 1946 enarrationem
1062 1909 1221 1952 attinet,
1239 1907 1441 1945 Schmidio
1474 1908 1595 1958 longe
1615 1920 1714 1957 prae-

277 1971 481 2008 ferendum
502 1971 675 2007 arbitrer.
730 1971 802 2008 Sed
838 1983 910 2007 nec
945 1971 1056 2008 codd.
1088 1971 1256 2019 scriptiS,
1277 1970 1380 2018 quod
1420 1970 1542 2007 videri
1572 1971 1713 2013 voluit,

277 2045 385 2075 usus,
404 2044 475 2068 nec
493 2037 723 2069 contextum
758 2033 805 2069 ad
839 2033 951 2069 metri
986 2045 1166 2069 normam
1203 2032 1470 2069 examinatum
1510 2032 1682 2069 restituit
1701 2049 1711 2079 3

276 2093 343 2129 sed
361 2092 658 2129 Sehmidianum
679 2095 880 2142 exemplar
899 2095 1129 2142 exscripsit3
1161 2094 1231 2130 etsi
1265 2106 1423 2142 operam
1439 2090 1524 2139 jam
1545 2093 1594 2130 ad
1625 2092 1711 2129 Ne-

278 2167 367 2191 mea
382 2154 608 2202 perductam
631 2154 752 2191 fuisse
774 2160 918 2199 narrat,
939 2167 1029 2192 cum
1051 2155 1149 2192 illud
1171 2156 1477 2192 nancisceretur.

335 2217 489 2253 Pindari
510 2216 566 2252 Ol.
590 2217 635 2253 P.
653 2217 700 2252 N.
719 2217 748 2252 1⁷
762 2230 898 2265 graece,
909 2219 1107 2266 sumptibus
1123 2217 1170 2256 C.
1184 2218 1346 2261 Morelli,
1363 2218 1580 2266 typographi
1593 2219 1716 2266 Regii.

383 2277 505 2313 Paris.
539 2277 653 2313 1623.
682 2278 720 2314 8.

329 2338 502 2374 Tantum
520 2349 568 2373 ex
587 2337 802 2376 Maittairio
822 2345 849 2376 t.
869 2340 923 2378 iii.
941 2352 978 2389 p.
998 2341 1022 2377 i.
1040 2352 1077 2389 p.
1097 2340 1185 2378 882.
1209 2340 1256 2377 de
1273 2352 1319 2377 ea
1334 2344 1490 2376 constat
1507 2355 1514 2376 :
1545 2345 1590 2376 ut
1605 2328 1645 2377 et
1665 2340 1713 2377 de

281 2412 340 2442 ea,
362 2411 449 2447 quae
467 2399 665 2446 sequitur:

331 2461 489 2497 Pindari
507 2460 689 2507 Olympia,
712 2459 847 2496 Latino
865 2464 1023 2499 carmine
1036 2463 1180 2500 reddita
1190 2476 1258 2512 per
1272 2463 1356 2500 Nic.
1373 2464 1578 2501 Sudorium.
1599 2463 1708 2500 Sum-

382 2523 505 2571 ptibus
525 2521 635 2569 ejusd.
656 2523 741 2558 eod.
758 2535 878 2560 anno.

339 2584 405 2621 Ex
425 2583 591 2621 Pindari
610 2585 686 2619 odis
701 2590 880 2631 excerptoe
900 2587 1126 2634 genealogice
1144 2590 1352 2637 principum
1380 2590 1510 2626 veteris
1531 2589 1708 2631 Graecice,

385 2657 528 2693 gnomce
545 2646 702 2681 illustres
716 2650 778 2681 etc.
795 2647 912 2682 studio
931 2648 1090 2685 Davidis
1109 2650 1292 2698 Chytrcei.
1319 2650 1509 2688 Rostoch.
1535 2650 1650 2688 1695.
1670 2650 1710 2687 8.

332 2713 438 2750 Male
458 2713 562 2761 hoc,
600 2726 692 2752 nam
713 2714 813 2752 libro
835 2726 942 2752 nunc
964 2717 1139 2766 inspecto
1158 2720 1270 2758 video
1306 2733 1339 2759 a.
1365 2720 1478 2759 1596.
1513 2731 1710 2770 reponen-

279 2776 372 2816 dum
392 2787 485 2813 esse.
