1877 3137
715 489 1078 545 ΟΑΤΜΠΙΑ.

776 654 925 688 Eme}
960 649 1007 696 ζ’.

303 788 911 858 ΔΙΑΓΟΡΑ
1008 776 1465 848 ΡΟΔΙΩ,

758 956 1019 999 n‘rKTH.

677 1195 1023 1237 ARGUMENTU
1028 1197 1086 1235 M.

179 1314 461 1357 PROFJTETUR
481 1322 617 1371 poeta,
634 1331 676 1358 se
698 1316 895 1357 celebrare
924 1315 1026 1355 velle
1047 1313 1241 1355 victorem
1264 1311 1489 1363 Rhodium,
1512 1316 1603 1353 -35.

178 1370 295 1426 eujus
315 1386 445 1425 genus
475 1374 760 1415 celebrandum
791 1372 869 1413 sibi
899 1371 1026 1413 sumit
1047 1376 1142 1412 -43,
1173 1369 1279 1411 Cum
1301 1385 1431 1424 genus
1452 1370 1518 1410 ille
1536 1383 1606 1423 pa·

179 1433 339 1469 ternum
376 1430 497 1470 ducat
536 1445 560 1471 a
597 1430 851 1486 TlepolemO,
887 1434 1032 1479 narrat,
1072 1428 1277 1481 quomodo
1314 1428 1347 1467 is
1379 1431 1607 1482 perpetrata

182 1485 294 1526 caede
316 1486 518 1541 Licymnii
548 1488 689 1529 abierit
719 1485 913 1528 Rhodum
936 1500 987 1526 ex
1006 1498 1199 1538 responso
1217 1482 1436 1537 Apollinis,
1458 1485 1501 1525 in
1524 1497 1605 1537 quo

181 1541 315 1583 insula
335 1557 405 1597 per
424 1543 594 1586 imbrem
616 1558 781 1585 aureum
805 1542 848 1583 in
869 1557 916 1583 ea
935 1543 1092 1583 factum
1123 1541 1323 1581 declarata
1352 1542 1482 1581 fuerat
1513 1544 1607 1581 -61.

182 1598 423 1640 Inserantur
450 1601 599 1642 fabulae
627 1602 676 1642 de
705 1600 841 1641 Rhodi
876 1598 1098 1652 originibus
1128 1603 1168 1638 et
1198 1598 1332 1651 primo
1361 1597 1526 1651 quidem
1557 1596 1608 1637 de

184 1655 359 1696 Palladis
382 1658 597 1709 natalibus,
618 1671 817 1712 aureoque
832 1656 976 1707 imbre,
991 1661 1031 1696 et
1050 1654 1334 1708 antiquissimo
1349 1653 1522 1695 Palladis
1543 1667 1608 1694 sa-

183 1726 250 1753 cro
271 1713 357 1753 sine
374 1713 469 1767 igne
486 1714 571 1755 fieri
592 1714 724 1766 solito,
747 1728 816 1768 per
838 1712 1032 1754 Heliadas
1054 1712 1254 1761 instituto,
1287 1718 1327 1751 et
1356 1711 1405 1752 de
1427 1710 1609 1751 muneri-

183 1769 260 1809 bus
281 1784 304 1809 a
328 1770 489 1811 Pallade
519 1771 733 1826 impertitis
754 1776 845 1812 -99.
867 1776 955 1811 tum
987 1769 1037 1810 de
1060 1767 1195 1809 Rhodi
1225 1768 1380 1822 origine
1408 1773 1450 1808 et
1471 1781 1612 1808 caussa

182 1825 329 1867 insulae
350 1826 437 1866 Soli
460 1835 722 1879 consecratae,
744 1842 766 1868 e
790 1841 872 1882 quo
900 1835 980 1868 tres
997 1826 1137 1866 heroes
1159 1825 1319 1866 oriundi
1340 1826 1461 1870 fuere,
1486 1824 1611 1865 trium

184 1881 326 1924 insulae
346 1883 507 1925 urbium
540 1885 903 1926 conditores-141.
936 1882 1092 1923 Colitur
1120 1882 1382 1936 Tlepolemus
1414 1888 1611 1936 tanquam

185 1938 317 1991 heros,
338 1941 461 1982 etiam
480 1942 781 1993 certaminibus,
802 1941 949 1996 quibus
962 1940 1162 1993 Diagoras
1191 1939 1317 1980 victor
1345 1940 1476 1980 fuerat
1488 1954 1500 1990 3
1532 1950 1612 1979 un-

185 1994 235 2036 de
255 1997 436 2051 procedit
449 2005 568 2053 poeta
597 1999 647 2040 ad
677 2006 825 2041 ceteras
855 1997 942 2054 ejus
962 1996 1148 2038 victorias
1176 1996 1470 2039 enumerandas
1491 1999 1615 2038 -159.

189 2052 477 2109 snbjiciuntur
492 2057 600 2098 bona
619 2062 726 2098 vota.

730 2203 782 2248 Σ.
811 2202 852 2244 ά.
911 2205 967 2244 Κ.
1003 2203 1056 2246 ιᾶ.

410 2310 699 2370 ΦΙΑΛΑΝ
727 2313 778 2370 ὦς
807 2310 854 2363 εἴ
871 2333 936 2370 τις
962 2313 1014 2362 ἀ-

233 2468 349 2511 πόκτῃ.
375 2468 491 2498 dictum
510 2472 545 2498 ut
567 2463 729 2505 παλαιστῇ
745 2467 776 2493 et
797 2461 872 2502 alia,
895 2472 939 2493 sc.
964 2460 1067 2502 πύκτῃ
1089 2461 1250 2495 νικήσαντι.
1276 2469 1310 2493 ut
1333 2462 1364 2492 in
1388 2461 1462 2493 Ald.
1480 2461 1622 2492 Rom.et

194 2520 264 2551 aliis
281 2519 428 2553 νικῆααντι
451 2518 503 2552 τὴν
519 2515 564 2549 08'
581 2511 787 2555 Ὀλυμπιάδα.
804 2513 852 2542 vel
871 2510 974 2554 πύκτῃ
991 2514 1104 2556 unm-22,
1125 2519 1158 2543 ut
1180 2513 1276 2545 Bodl.
1302 2526 1338 2553 γ.
1357 2513 1470 2553 legisse
1489 2512 1622 2543 videtur.

197 2572 288 2603 Alias
304 2572 415 2613 πυγμῇ
429 2570 570 2601 sollenne
585 2574 666 2598 erat.
811 2570 842 2595 1.
856 2562 975 2597 &nim
992 2564 1172 2595 Schmidius
1189 2565 1329 2596 novavit.
1379 2564 1496 2594 Omnes
1512 2569 1626 2605 praeter

195 2623 265 2656 Pal.
290 2625 327 2655 C.
343 2622 452 2664 sorfpti
469 2627 501 2653 et
517 2620 598 2652 editi
614 2619 651 2654 ὣς
669 2616 750 2650 ι’ίτις.
769 2615 878 2647 eodem
896 2614 989 2656 redit,
1004 2615 1060 2646 sed
1077 2616 1136 2646 hoc
1152 2615 1304 2646 retinebo.

241 2736 255 2763 1
272 2748 283 2754 ·
294 2734 346 2762 12.
365 2729 617 2762 Pulcherrimum
633 2720 746 2767 'fimum
772 2721 817 2752 sic
832 2729 884 2749 0¹·-
936 2732 986 2759 μιν
999 2721 1030 2761 ζ.
1046 2722 1201 2764 ——(01‘1‘w)
1213 2721 1266 2753 καὶ
1278 2721 1336 2762 ἔγὺ
1349 2721 1526 2762 ἱλάσκομαι.
1549 2733 1628 2764 ergo

200 2782 292 2813 dina:
309 2780 376 2811 ὦσιί
386 2793 430 2814 τις
442 2771 827 2821 -δωξῆσιται-ἱνίθηκι
843 2775 877 2809 τί
939 2784 996 2815 pro
1013 2772 1145 2816 δωριῖται
1166 2772 1219 2805 nal
1240 2770 1380 2806 ἔντίθησι.
1396 2777 1459 2803 tum
1485 2782 1542 2814 pro
1564 2770 1636 2802 ὦηί

288 2841 365 2863 νοι.
380 2840 403 2864 1.
1005 2834 1025 2855 κ
