1877 3137
276 200 329 236 68
816 194 1168 239 OLYMPIA.

573 321 681 386 φειῷ
707 322 1096 390 στεφανωσάμενον

410 415 464 451 30
503 398 682 461 Αἰνέα-ω,
708 407 897 471 πυγμᾶς
927 400 1100 463 dmm,

497 483 596 534 Καὶ
622 484 749 554 wago}
779 485 1053 553 Κασταλία,

497 564 698 636 How-{goe
725 589 772 618 τε
800 569 1101 636 Δαμάγητον
1140 565 1305 618 ἁδόντα
1332 567 1485 636 Δίκα,

493 647 664 706 Ἀσίας
693 648 926 718 εὐξυχόξου

496 731 709 800 Τρίπολιν
736 735 860 782 νᾶσον
887 729 1031 789 πέλας

417 827 469 862 35
507 812 725 882 Ἐμὲόλω
751 813 947 872 ναίοντας
971 813 1172 884 Ἀξγεῖα
1200 811 1274 865 σὺν
1301 815 1482 883 αἰχμᾷ.

829 934 881 975 Σ.
909 931 964 986 β’.
1025 936 1077 974 K.
1110 932 1162 974 to'e.

493 1016 735 1075 Ἐθελῆσω
761 1023 891 1070 τοῖο-ιν
919 1018 964 1079 ἐξ

274 1167 326 1197 33.
349 1165 510 1209 εὐρυχόρου
526 1168 600 1200 edd.
621 1168 695 1200 inde
712 1179 730 1198 a
746 1169 903 1201 Romana.
930 1170 971 1199 At
987 1169 1063 1200 Ald.
1075 1178 1145 1199 cum
1163 1169 1263 1200 tribus
1272 1168 1372 1199 Palat.
1390 1174 1420 1199 et
1437 1168 1524 1198 Gott.
1541 1165 1705 1210 εὗρυχὸρου,

273 1219 356 1259 quod
374 1225 472 1249 metro
488 1219 656 1260 flagitante
674 1222 793 1261 recepit
808 1221 998 1252 schmidius.
1042 1220 1159 1252 Similis
1177 1221 1323 1256 varietas,
1337 1230 1392 1250 seu
1417 1220 1521 1260 potius
1542 1224 1702 1258 corrupte-

269 1269 301 1298 la
317 1270 483 1311 scripturae
499 1271 587 1310 apud
609 1271 780 1302 Homerum
805 1272 835 1301 in
853 1272 961 1302 eadem
983 1282 1059 1303 voce
1076 1272 1214 1302 occurrit
1230 1272 1271 1302 11.
1294 1274 1326 1306 β,
1357 1272 1432 1302 498.
1454 1277 1486 1301 et
1512 1281 1593 1311 saepe
1612 1269 1700 1308 alibi,

270 1330 362 1360 quam
381 1321 439 1351 viri
457 1321 542 1351 docti
558 1322 602 1352 sie
619 1322 805 1362 expediunt,
820 1329 855 1352 ut
871 1323 977 1353 dicant
996 1323 1122 1363 longam
1141 1323 1279 1353 vocalem
1297 1321 1423 1364 corripi.
1448 1321 1560 1350 Mirum
1579 1324 1625 1349 est
1641 1328 1701 1347 non

269 1371 385 1401 vidisse
409 1372 649 1408 Grammaticos,
665 1373 752 1416 χορὸν
774 1385 842 1404 esse
865 1374 958 1404 etiam
985 1375 1089 1414 ipsum
1113 1375 1229 1413 locum,
1246 1375 1276 1404 in
1299 1385 1361 1415 quo
1384 1374 1504 1403 choreae
1529 1371 1703 1408 habentur;

269 1422 413 1462 adeoque
429 1423 563 1453 eundem
582 1424 682 1455 locum
702 1435 768 1456 esse
785 1426 963 1466 elegantius
981 1425 1142 1467 εὐρύχορον,
1159 1425 1212 1464 qui
1230 1425 1348 1465 vulgari
1368 1424 1457 1454 modo
1471 1429 1518 1453 est
1535 1420 1703 1463 εὐρύχωρος.

269 1473 336 1504 Res
352 1485 390 1504 ex
407 1474 541 1505 Homero
558 1475 633 1506 satis
660 1482 744 1506 nota.
763 1476 841 1506 Vide
859 1486 887 1507 v,
903 1487 930 1506 e.
947 1476 1060 1515 Odyss.
1076 1476 1109 1506 9.
1128 1479 1200 1507 ι264.
1216 1475 1381 1514 nia-any„
1406 1474 1434 1504 δί
1457 1473 1542 1516 χορὸν
1558 1473 1634 1502 θεῖον
1650 1482 1702 1501 »to-

269 1523 323 1555 σι’ν.
518 1529 569 1557 35.
586 1526 725 1566 Ἐμβῦλῳ
740 1528 858 1569 primus
872 1527 996 1557 videtur
1012 1528 1121 1568 Steph.
1145 1528 1318 1568 scripsisse.
1364 1528 1495 1565 Ceterae,
1511 1526 1603 1556 etiam
1619 1524 1704 1553 Gott.

270 1574 341 1605 cod.
358 1576 435 1616 (quo
472 1576 583 1606 alludit
621 1578 708 1618 Aug.
730 1577 860 1615 ἒμέὄλων
876 1579 1086 1619 superscripto
1103 1578 1149 1619 οὔ)
1162 1578 1312 1618 Ἐμξὸλω,
1329 1584 1362 1608 ut
1379 1578 1512 1608 Doricus
1542 1576 1701 1617 genitivus

269 1625 309 1655 sit
324 1637 332 1664 3
365 1626 449 1667 quod
471 1627 618 1666 equidem
644 1628 785 1669 praeferO.
809 1627 920 1662 νέοντας
931 1629 1023 1661 Rom.
1040 1631 1069 1660 in
1082 1640 1142 1669 quo
1158 1631 1229 1669 quis
1243 1629 1384 1670 argutari
1398 1629 1513 1670 possit3
1538 1628 1590 1659 sed
1604 1626 1702 1657 mani-

270 1675 384 1706 festum
407 1678 550 1718 sphalma
564 1686 622 1710 est.

268 1727 323 1758 alii
346 1734 506 1769 repetunt.

269 1832 452 1871 σάμινος.-
463 1836 515 1865 32.
551 1833 659 1865 ἆδὶντα
690 1834 777 1875 Δι’κᾳ,
808 1837 957 1876 probatum

269 1882 400 1917 Justitiae,
415 1883 557 1923 adeoque
568 1886 662 1915 virum
671 1890 798 1924 justum.

312 1932 365 1962 35.
381 1931 529 1969 Ἐμξόλω.
553 1932 602 1962 De
619 1932 687 1961 loco
709 1933 869 1972 quaeritur,
895 1934 956 1974 pri-

270 1991 354 2010 mum
385 1981 465 2011 sitne
498 1992 610 2011 nomen
642 1983 802 2022 proprium
827 1983 959 2014 Embolus

271 2031 318 2059 vel
334 2029 494 2068 Embolum,
519 2040 557 2060 an
589 2036 681 2071 poeta
702 2041 720 2061 a
742 2031 842 2061 forma
866 2032 955 2061 rostri

272 2079 319 2109 vel
336 2079 428 2109 cunei
454 2080 555 2109 locum
572 2080 727 2121 quendam
745 2081 791 2110 sic
815 2081 953 2121 appella-

270 2129 371 2168 verit3
388 2129 532 2169 alterum,
562 2129 642 2160 sitne
664 2130 694 2160 in
713 2130 824 2160 Rhodo
840 2131 893 2160 ille
909 2130 953 2160 Ιο-

269 2188 325 2209 cus
350 2179 549 2219 quaerendus,
577 2189 616 2209 an
642 2180 673 2209 iu
699 2180 772 2210 Asia
799 2180 954 2221 opposita.

267 2230 408 2270 Utraque
425 2231 503 2260 ratio
520 2231 631 2270 partim
649 2230 680 2260 in
697 2231 824 2261 scholiis
841 2241 952 2272 propo-

267 2278 365 2318 nitur,
381 2279 436 2308 sed
449 2279 516 2309 sine
531 2279 646 2309 idonea
668 2280 867 2315 auctoritate,
883 2291 954 2321 par-

267 2327 321 2358 tim
337 2328 377 2358 ab
393 2328 617 2368 interpretibus
628 2327 821 2358 defenditur.
846 2329 956 2360 Donec

266 2377 344 2407 mihi
361 2377 399 2407 de
415 2377 484 2407 loco
499 2382 531 2407 et
547 2378 586 2407 de
601 2387 632 2406 re
645 2376 773 2407 aliunde
789 2380 954 2418 constabit,

267 2427 421 2467 sequarid
434 2427 515 2467 quod
528 2426 791 2468 simplicissimum
806 2441 812 2458 :
827 2428 955 2462 ναίοντας

266 2475 401 2519 τρίπολιν
416 2478 496 2507 νᾶσον
510 2475 606 2510 πίλοις
615 2476 717 2517 (κατὰ
740 2476 805 2517 «ro-7)
817 2477 955 2516 Ἐμξὸλω

264 2526 368 2560 Ἀσίας
385 2525 549 2568 εὐρυχόρου,
566 2531 598 2555 et
611 2526 766 2567 accipiam
785 2527 823 2556 de
840 2527 955 2564 Peraea,

267 2587 336 2616 quae
350 2576 466 2607 Rhodo
489 2574 614 2614 objecta
629 2582 687 2615 est,
702 2576 746 2606 ita
762 2583 796 2607 ut
812 2577 842 2607 in
857 2587 954 2607 cune-

267 2636 318 2656 um
336 2626 399 2656 fere
415 2631 524 2656 exeatz
543 2632 577 2656 ut
590 2626 621 2656 in
634 2626 749 2656 tabulis
761 2625 952 2667 geographi-

265 2676 309 2706 cis
342 2685 470 2705 cernere
499 2675 584 2708 licet.
607 2676 733 2716 Alioqui
760 2687 799 2706 ex
825 2676 953 2707 scholiis

264 2723 344 2755 illud
361 2724 486 2760 arridet,
517 2726 601 2764 quod
630 2725 719 2756 aiunt
755 2726 856 2756 locum
885 2735 952 2755 esse

263 2773 354 2813 juxta
372 2774 568 2813 Arycandam
593 2775 705 2814 Lyciae,
733 2776 804 2806 olim
838 2774 951 2806 Embo-

774 1681 826 1711 36.
852 1682 1019 1722 ‹afaru-173.
1043 1680 1096 1711 καὶ
1112 1680 1199 1712 τοίνυν
1223 1680 1281 1710 Ed.
1306 1681 1396 1710 Rom.
1422 1680 1452 1710 in
1476 1690 1577 1721 marg.
1619 1679 1701 1709 Hinc

554 1729 611 1760 Est
624 1740 750 1769 quoque
767 1730 855 1761 τοίνυν
871 1731 901 1761 iu
920 1733 1005 1773 Aug.

1012 1838 1088 1877 lum,
1105 1847 1177 1867 mox
1195 1836 1334 1866 Trierem
1359 1836 1490 1866 dictum.
1535 1836 1584 1866 De
1600 1836 1699 1866 altero

1012 1887 1071 1916 hoc
1087 1897 1125 1916 ex
1142 1886 1246 1915 Plinio
1261 1893 1292 1915 et
1307 1886 1463 1917 Strabone
1477 1892 1620 1915 constare
1636 1885 1699 1915 aie-

1014 1936 1065 1965 bat
1081 1936 1283 1974 Schmidius;
1303 1935 1356 1965 sed
1374 1936 1394 1965 ii
1418 1935 1456 1964 de
1473 1935 1580 1964 Triere
1596 1935 1696 1974 Syriae

1011 1985 1193 2025 loquuntur,
1223 1983 1315 2023 cujus
1354 1990 1386 2014 et
1415 1983 1593 2024 Stephanus
1620 1984 1697 2024 Byz.

1012 2034 1163 2065 meminit.
1193 2034 1304 2073 Itaque
1334 2033 1373 2063 de
1402 2044 1463 2063 uuo
1488 2039 1583 2073 atque
1598 2034 1698 2064 altero

1010 2084 1121 2114 melior
1136 2083 1213 2113 fides
1229 2083 1456 2123 exspectanda.

1051 2135 1114 2164 36-
1125 2136 1178 2165 40.
1199 2132 1392 2173 Juugenda:
1413 2134 1511 2172 σοῖσιν,
1527 2143 1583 2173 per
1597 2144 1697 2175 appo-

1009 2183 1114 2220 situm,
1141 2181 1299 2225 Ἠραιλίος
1345 2182 1506 2224 εὐρυσθινιῒ
1527 2181 1621 2223 γέννᾳ·
1661 2181 1699 2218 οἷς

1009 2232 1105 2264 {siam
1119 2232 1286 2272 ἀγγέλλων
1295 2231 1449 2275 διορθὸσιι
1463 2232 1552 2272 λὸγαν
1565 2243 1620 2273 pro
1635 2233 1697 2272 ι’γ-

1007 2282 1138 2322 γίλλειν,
1157 2284 1295 2322 praeconis
1303 2293 1380 2313 more
1390 2283 1488 2313 laudes
1499 2284 1697 2323 pronuntiare,

1009 2330 1044 2363 u't
1058 2333 1092 2363 P.
1110 2333 1155 2364 ix.
1168 2335 1198 2363 2.
1215 2334 1247 2363 3.
1264 2330 1359 2361 {Silae
1371 2330 1538 2370 ἀγγὶλλων
1547 2334 1693 2372 γεγωνιῖυ.

1008 2380 1160 2422 &nescibat
1182 2381 1292 2412 Schol.
1317 2381 1489 2423 ἂκξιέῡσιι,
1512 2380 1696 2425 &sexennii-aa,

1008 2430 1104 2462 εἰπεῖν.
1128 2431 1188 2461 erit
1199 2441 1276 2472 ergo
1291 2430 1459 2469 ἐξηγεῖσθαι
1483 2431 1596 2474 ὄρθῖνςέ
1611 2433 1694 2464 Prae-

1009 2485 1069 2510 stat
1084 2480 1215 2510 retinere
1228 2480 1360 2519 lyricum
1371 2482 1461 2517 illud,
1472 2481 1509 2511 de
1525 2492 1585 2521 qno
1598 2493 1695 2523 supra

1009 2528 1048 2559 ad
1065 2528 1117 2559 Ol.
1137 2529 1182 2561 iii.
1207 2532 1237 2562 5.
1255 2529 1373 2560 dictum
1398 2537 1454 2563 est.
1499 2531 1597 2573 ἷρθοῗῖν
1612 2530 1696 2569 ὕμνον

1008 2583 1055 2609 est
1079 2578 1207 2609 ductum
1240 2588 1259 2607 a
1293 2579 1451 2620 columna,
1481 2588 1694 2618 monumento,

1007 2627 1090 2669 quod
1116 2627 1269 2667 erigitur-3
1312 2629 1354 2658 uti
1385 2636 1417 2659 et
1447 2630 1556 2663 Isthm.
1587 2631 1608 2662 i.
1639 2633 1692 2664 64.

1006 2676 1081 2715 ξυνόν
1096 2677 1222 2718 ὅρθόσαι
1236 2676 1342 2709 καλὸν.
1380 2678 1455 2716 ξυνόν
1472 2679 1561 2720 λίγα·
1580 2681 1694 2713 laudem

1006 2738 1183 2758 communem
1197 2727 1252 2758 toti
1271 2727 1370 2768 genti.
