1877 3137
390 202 448 245 VI
455 200 815 245 CTORIARUM
847 200 925 241 ET
955 200 1280 243 ANNORUM.
1480 203 1566 244 xlix

117 327 231 365 VIII.
272 328 317 364 In
343 329 606 365 Aristomenem
633 327 864 374 AEginetam,
885 326 992 362 lucta
1011 327 1115 362 inter
1129 337 1280 373 pueros.

349 390 462 437 Pyth.
486 390 552 426 35.
578 388 755 437 (Olymp.
777 388 843 431 83,
871 389 910 424 3.
930 401 963 424 a.
984 388 1029 422 C.
1056 386 1169 432 446.)

119 450 191 489 IX.
260 450 312 488 In
374 451 626 487 Telesicratem
685 449 944 498 (s'yrenensem,
993 453 1235 485 armatorum
1290 459 1405 484 cursu
1461 449 1564 485 inter

460 523 615 560 pueros,

365 572 480 622 Pyth.
499 574 562 610 28.
586 572 763 622 (Olymp.
783 573 850 616 76,
883 574 926 609 3.
947 585 980 610 a.
1001 573 1045 609 C.
1060 569 1171 619 474.)
1227 569 1339 608 Idem
1359 569 1477 620 Pyth.
1496 571 1561 608 30.

408 634 566 683 Olymp.
585 634 652 678 78,
672 635 710 671 3.
726 647 760 672 a.
776 634 822 671 C.
841 634 933 672 466.
950 635 1078 671 vietor
1098 633 1239 670 stadio.
1270 631 1403 669 Schol.

113 698 167 738 X.
252 700 293 735 In
318 697 559 745 Hippocleam
594 696 816 740 Thessalum,
837 696 970 733 diaulo
991 697 1095 732 inter
1111 705 1280 743 pueros.

345 758 458 807 Pyth.
474 758 540 795 22.
561 756 737 807 (Olymp.
756 758 820 801 70,
851 759 891 795 3.
929 770 963 795 a.
999 757 1094 796 Chr.
1130 756 1239 803 498.)
1270 753 1400 791 Schol.
1431 754 1563 791 Etiam

402 820 560 869 Olymp.
583 819 648 859 72.
672 824 712 856 et
730 819 890 869 Olymp.
914 819 978 859 73.
998 820 1155 856 vicerat.
1178 816 1310 854 Schol.

114 883 190 922 X1.
237 883 287 921 In
319 883 585 930 Thrasydoeum
617 881 838 924 Thebanum,
868 881 994 918 stadio
1015 882 1119 918 inter
1137 890 1291 929 pueros.

349 944 465 993 Pyth.
488 943 552 981 28.
576 942 752 993 (olymp.
772 943 838 986 76,
858 944 895 980 3.
933 955 966 980 a.
996 943 1040 980 C.
1074 942 1184 990 474.)
1207 946 1246 978 et
1283 940 1426 976 iterum
1447 938 1563 988 Pyth.

396 1007 461 1043 33.
483 1006 566 1053 (Ol.
585 1006 651 1048 81,
668 1006 706 1042 3.
730 1017 764 1041 a.
785 1004 829 1040 C.
849 1002 957 1055 454.)
982 1004 1110 1041 Schol.
1131 1003 1199 1051 qui
1215 1007 1255 1040 et
1268 1006 1451 1044 annotat,
1467 1013 1562 1038 eun-

397 1068 488 1104 dem
510 1066 626 1115 Pyth.
647 1067 711 1104 28.
735 1066 819 1115 (Ol.
839 1066 903 1112 76,
923 1069 962 1106 3.
981 1079 1015 1104 a.
1039 1067 1082 1103 C.
1099 1065 1215 1112 474.)
1246 1075 1411 1113 puerum
1431 1063 1564 1100 diaulo

395 1134 437 1165 et
453 1129 580 1166 stadio
599 1129 752 1166 vicisse.

116 1190 212 1229 XII.
241 1192 286 1228 In
316 1191 472 1234 Midam,
508 1190 616 1227 tibia.

366 1252 479 1301 Pyth.
497 1252 561 1289 24.
581 1256 620 1288 et
634 1251 697 1288 25.
729 1250 906 1300 (Olymp.
922 1250 986 1295 72,
1015 1252 1053 1288 3.
1082 1264 1116 1287 a.
1148 1250 1193 1288 C.
1220 1250 1316 1289 490.
1342 1253 1380 1285 et
1400 1247 1564 1297 Olymp.

387 1314 452 1357 73,
484 1317 507 1352 3
556 1326 596 1350 a.
623 1313 669 1351 C.
698 1312 810 1360 486.)

692 1461 970 1504 NEMEA.

111 1570 144 1610 I.
208 1572 253 1609 In
275 1570 489 1608 Chromium
510 1570 725 1613 AEtnaeum,
746 1570 959 1620 quadrigis.

329 1633 445 1668 Forte
465 1631 582 1669 Nem.
602 1631 666 1667 48.
692 1631 870 1680 (Olymp.
893 1631 959 1675 76,
980 1631 1016 1668 4.
1035 1643 1068 1667 a.
1086 1632 1129 1668 C.
1149 1630 1262 1678 473).

113 1693 167 1731 11.
215 1695 234 1730 ἶ
238 1706 263 1730 n
281 1693 533 1730 Tz‘modemum
554 1693 823 1736 Atheniensem,
841 1692 1056 1741 pancratio.

113 1755 188 1794 ΙΙΙ.
210 1754 259 1792 In
273 1754 532 1792 Aristoclidam
555 1754 786 1801 AEginetam,
807 1755 1019 1802 pancratio.

112 1819 186 1857 IV.
213 1819 264 1857 In
288 1815 568 1855 Timasarchum
585 1815 817 1863 AEginetam,
837 1816 954 1852 lucta.

110 1883 159 1922 V.
216 1885 261 1920 In
280 1883 464 1931 Pytheam
486 1876 724 1927 AEginetam,
743 1880 947 1927 pancratio
964 1879 1067 1915 inter
1087 1888 1239 1926 pueros.

323 1945 374 1983 cf,
408 1945 550 1981 Isthm.
572 1953 610 1977 ν.
633 1941 698 1978 21.
716 1942 771 1978 vi.
793 1941 830 1976 4.
865 1940 994 1977 Schol.
1015 1940 1068 1976 vi.
1088 1940 1153 1976 89.

113 2005 180 2043 VI.
215 2006 266 2043 In
285 2008 509 2043 Alcimidam
531 2001 768 2054 AEginetam,
789 2004 897 2039 lucta
916 2013 1140 2051 puerorum.

325 2067 576 2105 Praxidamas
597 2078 693 2103 avus
713 2065 839 2101 victor
855 2064 983 2101 fuerat
1003 2063 1110 2099 lucta
1132 2061 1198 2098 Ol.
1213 2061 1281 2098 59.
1296 2073 1331 2097 a.
1353 2060 1396 2098 C.
1413 2060 1504 2097 544.

109 2128 201 2167 VII.
216 2129 266 2166 In
287 2128 465 2178 Sogenem
486 2129 725 2178 AEgz'netam,
746 2125 952 2176 pentathlo
973 2126 1077 2162 inter
1098 2135 1249 2173 pueros.

326 2199 442 2236 Nem.
468 2200 526 2237 14.
546 2199 723 2248 (Olymp.
752 2197 816 2240 79,
837 2197 874 2234 2.
893 2209 928 2233 a.
950 2195 998 2233 C.
1027 2194 1136 2240 463.)
1168 2205 1217 2230 ex
1244 2196 1431 2241 computo
1449 2192 1546 2228 Cor-

383 2261 459 2298 sini
480 2261 586 2298 Diss.
615 2259 796 2308 Agonist.
816 2270 854 2306 p.
873 2258 940 2300 52,
961 2256 1027 2294 53.
1053 2260 1098 2292 ut
1128 2255 1255 2303 prima
1270 2253 1442 2289 Nemeas
1464 2264 1553 2300 pro-

379 2323 492 2360 cedat
511 2323 560 2360 ab
577 2321 737 2369 Olymp.
758 2320 824 2362 72,
844 2320 880 2355 4.
901 2332 935 2356 a.
956 2319 1000 2355 C.
1019 2317 1113 2354 489.
1141 2328 1244 2352 anno
1262 2320 1352 2364 post
1372 2325 1553 2363 pugnam

375 2384 671 2421 Marathoniam
681 2399 693 2429 3
725 2393 794 2418 seu
813 2380 930 2418 Nem.
949 2379 1014 2417 53.
1041 2390 1091 2416 ex
1110 2378 1273 2426 antiqua
1292 2375 1549 2425 computandi

379 2446 543 2483 ratione.

110 2506 223 2546 VIII.
241 2509 286 2545 In
302 2508 478 2545 Dinidem
499 2506 736 2556 AEginetam,
757 2503 897 2542 stadio.

107 2568 184 2606 lx.
239 2570 284 2606 In
306 2569 520 2607 Chromium
538 2567 756 2612 AEtnaeum,
775 2564 989 2615 quadrigis,

321 2632 363 2669 in
383 2632 536 2681 Pythiis
557 2633 725 2681 Sicyone
738 2629 897 2667 habitis.

109 2691 162 2730 X.
235 2695 280 2731 In
304 2695 472 2732 Thiceum
500 2696 691 2743 Argivum,
710 2693 832 2735 lucta,

322 2755 436 2805 Argis
456 2756 498 2793 in
513 2754 821 2793 Hecatombaeis.

235 2829 312 2853 vot..
335 2830 360 2853 Ι.
886 2831 907 2860 g
