1877 3137
646 212 957 255 CARMEN
1004 214 1038 255 1.
1500 219 1577 257 149

300 339 399 391 Ταί
423 339 469 390 θ’
497 336 601 407 ὑπὲξ
630 335 801 406 Κύμας
828 337 1052 410 ἁλιερκέες
1080 336 1231 409 ὄχθαι

213 437 266 473 35
307 420 497 478 Σικελία
523 420 558 471 τ’
588 419 726 470 αὐτοῦ
751 418 888 490 πιέζει

301 501 464 573 Στὲξνα
491 501 774 571 λαχνάεντα·
814 502 911 554 κίων

300 587 367 638 Δ’
397 586 574 657 οὗξανῖα
600 584 785 656 συνέχει,

296 667 511 734 Νιφόεο-ο·’
541 668 702 729 Αἴτνα,
727 668 909 727 πάνετες

295 749 445 809 Χιόνος
472 750 614 811 ὀξείας
643 751 826 808 crabim·

690 863 741 905 Σ.
771 859 825 913 β’.
884 863 938 901 K.
969 858 1034 912 ιβ’.

203 965 261 1001 40
298 953 400 1007 Τοῖς
427 948 677 1019 ἐρεύγονται
703 947 785 1017 μὲν
810 948 965 999 οἷσι-λοί-

369 1053 445 1081 του
471 1028 598 1100 πυξός
626 1028 880 1094 ἁγνόταται

289 1112 380 1163 Ἐκ
403 1115 560 1181 μυχῶν
585 1112 755 1177 παγαί·
796 1111 991 1180 ποταμοὶ

291 1195 346 1245 Δ’
375 1192 610 1264 ἁμέραισιν
633 1192 716 1264 μὲν
741 1191 968 1264 πξοχὲοντι
993 1190 1087 1262 ῥόον
1112 1194 1282 1244 καπνοῦ

292 1275 481 1329 Αἴθωέ·
522 1276 635 1327 ἀλλ’
666 1276 703 1327 ἐν
732 1273 951 1346 ὄρφναισιν
977 1272 1139 1346 πέτρας

143 1445 199 1476 35.
230 1443 280 1474 De
314 1448 414 1474 metro
437 1453 467 1474 v.
480 1442 520 1473 ad
536 1453 566 1474 v.
591 1444 664 1476 1³71.
683 1442 810 1475 Σικελία
824 1444 853 1474 τ’
868 1444 928 1474 erit
944 1442 1241 1484 proceleusmaticus
1258 1452 1313 1484 pro
1328 1451 1438 1483 paeone
1456 1447 1581 1484 quarto.

145 1496 199 1526 38.
222 1493 340 1533 upbwe'
357 1499 388 1525 et
400 1493 506 1534 χιὸνος.
535 1493 599 1524 Sed
615 1493 721 1534 νιφιτόν
733 1502 763 1525 et
776 1494 863 1534 χιὸνα
874 1494 1012 1536 jungere
1028 1495 1167 1525 sollenne
1179 1494 1292 1534 poetiS‚
1308 1503 1338 1525 v,
1353 1504 1381 1525 c.
1395 1493 1435 1525 ll.
1447 1494 1517 1524 κ.7.
1534 1498 1581 1524 est

143 1545 226 1575 enim
240 1545 373 1575 alterum
383 1555 453 1575 cum
471 1544 652 1585 significatu
668 1546 848 1586 procellosae
860 1545 1052 1585 tempestatis
1065 1545 1279 1585 conjunctum.
1369 1546 1423 1574 41.
1440 1542 1580 1582 ἁγνίσα-

146 1607 199 1625 vm
211 1596 304 1628 Rom.
322 1602 353 1626 et
368 1597 454 1627 Crat.
469 1607 539 1627 cum
556 1596 646 1628 Bodl.
659 1599 693 1633 β.
709 1609 742 1635 ιγ.
786 1597 849 1626 Sed
867 1596 1031 1626 emendate
1047 1596 1148 1628 Brub.
1164 1607 1234 1628 cum
1249 1606 1336 1635 seqq.
1348 1595 1520 1625 secundum
1531 1595 1581 1626 ed.

145 1646 223 1677 Ald.
239 1647 373 1678 Dubitat
386 1646 498 1686 Pauw,
509 1657 547 1677 an
561 1658 620 1677 non
633 1653 723 1688 poeta
737 1647 859 1678 dederit
869 1646 1004 1679 ἔτλατοι
1013 1647 1097 1690 rugis
1107 1645 1290 1687 ἄγνοἹάς-εέκ
1298 1645 1402 1687 ‘avxi-
1413 1645 1514 1683 aeafim'.
1537 1646 1581 1676 At

147 1697 215 1728 viro
227 1698 258 1727 in
274 1697 404 1729 Pindari
419 1698 552 1730 lectione
565 1706 688 1729 versuto
704 1699 857 1739 quomodo
873 1699 929 1730 illa
945 1699 1154 1740 epithetorum
1171 1697 1371 1730 translocatio
1385 1697 1522 1728 insolens
1535 1696 1581 1727 vi-

145 1749 213 1780 deri
229 1751 370 1790 poterat?
394 1750 451 1780 Est
466 1756 569 1782 aulem
586 1749 673 1790 ἁγνὴ
686 1751 771 1791 ignis
786 1750 947 1790 epitheton
959 1750 1144 1791 simpliciter
1155 1760 1279 1785 ornans,
1294 1755 1325 1780 et
1342 1759 1361 1779 a
1377 1753 1485 1779 natura
1497 1748 1580 1788 ignis

146 1801 291 1841 petitum,
308 1811 377 1840 quae
394 1801 486 1831 etiam
506 1802 536 1831 in
548 1802 789 1832 lustrationibus
803 1801 1005 1842 spectabatur
1019 1813 1028 1840 3
1047 1811 1147 1840 neque
1157 1801 1236 1832 adeo
1248 1799 1407 1841 probanda
1417 1799 1580 1837 conjectu-

145 1861 180 1881 ra
196 1851 254 1882 viri
270 1851 354 1882 docti
372 1852 403 1882 in
420 1852 495 1883 Act.
518 1853 643 1884 Erudit.
660 1853 745 1893 Lips.
763 1853 858 1884 1749.
884 1851 1052 1884 Novembr.
1070 1863 1101 1893 p.
1119 1854 1195 1884 646.
1215 1857 1245 1882 et
1259 1850 1402 1882 Barfordi
1425 1849 1579 1881 Cantabr.

144 1904 240 1933 1751.
255 1900 422 1933 αἷνόταται.
552 1906 606 1935 43.
629 1902 663 1934 τὸ
678 1916 690 1934 ν
706 1904 736 1933 in
753 1902 901 1945 ἅμὲραισιν
916 1909 946 1934 et
961 1913 1032 1933 mox
1047 1903 1079 1932 iu
1095 1901 1234 1945 ὄρφναισιν
1249 1902 1438 1933 addiderunt
1460 1899 1579 1931 01101ιί-

144 1962 247 1994 enses,
261 1959 407 1984 monente
422 1953 594 1987 Schmidio.
693 1956 749 1986 44.
773 1954 821 1985 De
837 1954 935 1985 AEtna
951 1953 1090 1984 interdiu
1105 1954 1222 1985 fumum
1239 1959 1270 1984 et
1287 1953 1468 1994 caliginem,
1485 1958 1578 1984 noctu

900 2118 984 2138 sasse
1000 2108 1056 2139 ait.

930 2161 984 2189 42.
1006 2157 1090 2189 Mons
1106 2157 1195 2189 AEtna
1217 2158 1362 2189 nocturnis
1375 2159 1465 2189 mirus
1480 2158 1579 2189 incen-

186 2108 240 2138 40.
265 2104 317 2138 Ol.
333 2106 416 2139 lxxv.
431 2108 464 2138 4.
479 2116 534 2137 sex
552 2107 642 2137 annis
657 2114 730 2138 ante
751 2108 833 2139 banc

143 2155 290 2186 Hieronis
320 2155 478 2188 victoriam
510 2156 613 2187 AEtnae
653 2157 832 2189 incendium

144 2204 286 2236 Siciliam
316 2209 510 2245 vastaverat3
551 2206 639 2236 aliud
673 2207 833 2247 antiquius

142 2260 343 2294 memoratur,
373 2265 431 2286 nec
464 2262 567 2286 tamen
598 2257 690 2298 plura
726 2257 764 2287 de
797 2268 833 2288 eo

143 2308 309 2343 constant3
335 2303 392 2334 etsi
407 2304 438 2334 in
464 2304 665 2345 Empedoclis
693 2311 833 2347 tempora

141 2353 222 2384 illud
237 2353 376 2385 incidere
393 2354 504 2385 debuit
518 2355 690 2386 secundum
709 2363 834 2387 narrata

142 2403 181 2434 de
209 2403 279 2442 ejus
300 2409 421 2444 morte3
453 2404 577 2434 tertium
602 2410 649 2435 est
673 2405 765 2446 illud,
793 2406 832 2437 de

141 2462 205 2494 quo
218 2452 422 2492 Thucydides
447 2453 586 2493 loquitur
611 2454 654 2485 iii.
679 2461 758 2487 extr.
780 2455 832 2486 Ol.

143 2501 287 2533 lxxxviii.
305 2505 335 2534 2.
352 2509 425 2533 ante
446 2502 486 2534 C.
504 2503 546 2536 N.
563 2505 638 2536 421.
656 2514 738 2535 anno
763 2512 833 2546 post

144 2551 317 2581 secundum
359 2551 634 2593 quinquagesimo.
687 2553 833 2585 Docuere

144 2599 246 2631 multi.
263 2611 292 2633 v.
309 2600 349 2631 ad
365 2601 460 2634 Diod.
479 2607 502 2633 t.
516 2602 538 2633 i.
552 2613 585 2643 p.
602 2605 673 2634 161.
698 2604 742 2635 cf.
771 2606 832 2635 Ge-

147 2647 222 2679 dike
248 2655 280 2680 et
295 2660 397 2691 nuper
412 2651 597 2683 Wernsdorf
608 2653 643 2685 P.
663 2653 709 2686 M.
726 2660 770 2686 to.
789 2655 830 2687 iv.

149 2710 177 2740 p.
196 2700 269 2730 378.
313 2701 498 2733 Aristoteles
518 2708 632 2737 tamen,
652 2703 677 2733 si
694 2704 785 2734 modo
807 2705 832 2735 is

146 2754 256 2779 auctor
272 2756 318 2781 est
334 2750 448 2783 Mirab.
467 2752 576 2784 Audit.
592 2761 660 2792 cap.
674 2752 834 2792 113.,ja1u

145 2808 216 2838 caepe
245 2799 348 2831 AEtnae
373 2801 553 2832 incendium
577 2800 710 2832 insulan·
733 2803 835 2834 incur-

887 2208 960 2245 diis5
985 2207 1069 2238 Ptin.
1085 2207 1129 2239 iii.
1148 2210 1180 2239 8.
1208 2207 1258 2239 14.
1285 2216 1314 2238 v,
1338 2207 1444 2240 strab.
1468 2208 1509 2241 vi.
1539 2220 1573 2250 p.

886 2258 961 2287 420.
978 2257 1015 2288 Β.
1028 2256 1149 2298 (274.)
1181 2256 1295 2296 Itaque
1311 2267 1341 2287 v.
1359 2259 1422 2288 44-
1434 2260 1487 2290 46.
1505 2264 1578 2288 sunt

887 2311 1007 2336 tantum
1034 2312 1216 2337 ornamenta
1244 2307 1376 2337 flammae
1391 2319 1400 2337 ι
1424 2313 1507 2338 noctu
1531 2319 1579 2338 ar-

886 2355 958 2393 det;
982 2365 1052 2386 nam
1070 2356 1136 2387 dies
1148 2357 1280 2387 flammae
1295 2356 1476 2398 adspectum
1503 2367 1578 2387 ocu-

886 2403 924 2434 lis
948 2405 1110 2443 subducit,
1134 2417 1192 2437 nec
1216 2406 1277 2436 nisi
1301 2406 1406 2437 fumus
1444 2407 1476 2437 in
1504 2417 1578 2438 con-

886 2459 1026 2493 spectum
1053 2455 1152 2487 venit.
1196 2455 1292 2497 Apud
1325 2455 1495 2497 Virgilium
1524 2466 1580 2497 per

887 2502 1053 2536 intervalla
1076 2511 1108 2536 et
1142 2505 1225 2536 vices
1253 2506 1379 2536 flamma
1405 2512 1437 2536 et
1474 2505 1577 2537 fumus

888 2553 1030 2586 variant:
1069 2555 1133 2587 vid.
1167 2555 1244 2587 AEn.
1267 2555 1312 2587 iii.
1339 2556 1413 2587 572.
1430 2566 1476 2595 sq.
1500 2555 1575 2587 Mox

887 2611 916 2633 v.
933 2604 986 2636 47.
1007 2603 1178 2644 “Αφαι’σταιο
1194 2603 1496 2646 xeouuoiaejungenda
1509 2616 1577 2637 ess·

887 2658 985 2692 patet.
1043 2655 1123 2685 Sunt
1151 2654 1258 2690 iidem,
1289 2654 1342 2693 qui
1374 2653 1481 2695 paullo
1504 2660 1577 2686 ante

887 2703 943 2735 42.
969 2703 1109 2743 ποταμοὶ,
1125 2703 1191 2734 scil.
1218 2701 1316 2745 τυρός.
1340 2709 1370 2733 et
1392 2701 1507 2746 ἑρπετὸν
1530 2710 1576 2736 est

889 2761 1059 2794 monstrum,
1087 2759 1259 2793 portentum.
1293 2765 1323 2785 v.
1357 2753 1493 2785 Valken.
1535 2754 1576 2784 ad
1621 2756 1624 2759 '

890 2802 1049 2834 Theocrit.
1068 2813 1099 2842 p.
1113 2804 1186 2834 399.
