1877 3137
664 241 1071 284 PRAEFATJO.
1476 242 1605 284 xxxiii

234 364 473 403 Perventum
501 370 560 402 est
579 365 627 402 ad
664 368 912 410 Oxoniensem,
947 359 1154 403 curantibus
1174 364 1279 401 Rich.
1309 364 1406 402 West
1440 371 1475 402 et
1511 367 1603 405 Rob.

177 428 341 467 Welsted.
375 430 487 468 1697.
506 429 574 468 fol.
629 429 865 467 Modestiam
888 434 927 466 et
961 429 1185 477 aequitatem
1204 428 1378 463 virorum
1398 429 1602 467 doctorum

170 490 285 527 facile
301 490 465 539 probes;
494 491 647 526 etiamsi
668 490 856 527 doctrinae
876 491 1149 532 subtilitatem,
1167 489 1344 526 criticum
1363 502 1543 534 acumen,
1564 497 1605 529 et

172 552 378 588 subactum
400 553 439 588 in
458 552 709 588 admittendis
728 553 792 588 vel
826 549 1049 598 rejiciendis
1064 551 1452 599 interpretationibus
1469 559 1508 590 et
1527 557 1604 592 lec-

170 614 347 650 tionibus
369 613 609 649 aestimandis
630 613 823 650 desideres
844 613 1068 662 ingenium.
1107 612 1278 649 Textum
1305 612 1604 653 Schmidianum

171 676 326 723 sequuti
341 681 446 718 sunt,
457 676 541 718 nisi,
554 675 755 722 inquiunt,
768 676 908 711 numeri
925 676 1107 716 carminis,
1123 679 1187 710 aut
1204 674 1344 721 aliquid
1354 675 1471 719 aliud,
1488 680 1604 714 recla-

171 741 322 773 marent.
357 736 433 772 Sed
454 736 661 781 fatendum
684 741 756 779 est,
779 748 851 772 nec
868 736 1078 785 lyricorum
1101 741 1316 771 metrorum
1337 737 1522 783 rationes,
1533 752 1606 778 nec

167 796 387 834 Pindaricae
401 798 592 849 orationis
613 798 786 833 indolem
807 797 911 833 viros
928 797 1269 847 praestantissimos
1286 798 1378 833 satis
1398 810 1481 836 esse
1501 812 1604 838 asse-

169 866 327 907 quutos,
348 866 387 896 et
422 859 540 895 modo
577 860 794 902 damnasse,
815 871 902 908 quoe
936 859 1116 901 retinere,
1138 859 1256 895 modo
1277 859 1497 904 retinuisse,
1517 875 1606 911 quae

176 919 363 956 damnare
383 920 590 957 debebant.
646 921 784 968 Itaque
823 920 991 956 i-terdum
1029 921 1126 956 mihi
1148 920 1229 968 ipse
1269 920 1465 968 displicui,
1501 926 1604 973 quod

170 992 254 1017 non
273 981 321 1017 ab
342 982 457 1017 initio
474 982 609 1018 statim
628 982 818 1018 lectiones
836 993 1037 1030 perperam
1060 982 1108 1017 ab
1123 982 1200 1018 illis
1217 987 1387 1019 mutatas
1401 984 1606 1024 eliminare

169 1043 209 1078 in
244 1043 423 1079 animum
448 1043 694 1080 induxeram.
750 1043 958 1080 Variantes
976 1043 1165 1079 lectiones
1185 1055 1233 1079 ex
1253 1043 1507 1084 Schmidiana
1524 1048 1605 1085 edi-

169 1103 279 1139 tione
300 1105 581 1151 repetiverunt,
602 1105 697 1141 alias
719 1105 969 1148 addiderunt,
996 1117 1077 1141 non
1097 1105 1270 1153 quidem,
1288 1106 1395 1154 quod
1434 1109 1522 1156 quis
1538 1122 1605 1147 ex-

170 1164 364 1213 pectabat,
389 1166 562 1213 antiquis
579 1166 665 1202 edd.
686 1167 857 1202 excussis
896 1173 934 1201 et
970 1167 1231 1213 comparatis:
1264 1168 1336 1203 etsi
1353 1180 1396 1203 ex
1428 1171 1607 1218 impressis

169 1227 337 1274 plurimis
375 1227 454 1262 edd.
494 1228 725 1263 varietatem
763 1228 948 1264 lectionis
982 1228 1145 1274 petitam
1166 1234 1391 1266 memorant
1411 1245 1419 1267 :
1452 1232 1518 1268 sed
1557 1246 1606 1270 ex

176 1288 386 1335 Bodleian&
418 1289 518 1324 codd.
549 1289 760 1336 exscriptas
776 1305 787 1334 3
818 1288 865 1324 de
900 1288 1043 1336 quibus
1073 1294 1205 1325 tamen
1242 1291 1354 1327 codd.
1392 1293 1493 1329 nihil
1513 1297 1606 1332 satis

171 1348 312 1402 diserte
341 1355 502 1386 narrant
519 1367 530 1396 5
561 1362 648 1398 quae
677 1351 749 1398 ipsi
786 1350 1139 1393 observaverimus,
1159 1362 1277 1399 supra
1307 1355 1483 1401 exposita
1501 1363 1607 1395 sunt.

170 1407 401 1447 versionem
419 1417 625 1447 servarunt
642 1424 690 1447 ex
705 1411 972 1454 Schmidiana,
991 1411 1244 1459 paraphrasin
1278 1411 1530 1460 subjecerunt
1560 1431 1608 1455 ex

173 1473 431 1510 salmuriensi
451 1473 641 1515 editione,
662 1484 743 1508 una
760 1484 849 1509 cum
872 1473 1130 1522 argumentis
1158 1473 1335 1510 Indicem
1369 1475 1606 1525 locupletem

170 1534 244 1581 ipsi
283 1532 553 1570 confecerunt.
612 1534 900 1570 Oxoniensium
947 1533 1106 1569 Pindari
1151 1534 1344 1571 editorum
1380 1537 1607 1577 desideratae

169 1591 358 1647 ἀκριβείας
385 1596 583 1641 specimen
602 1595 803 1643 proposuit
824 1594 873 1630 R.
895 1595 1051 1631 Dawes.
1078 1594 1244 1631 Miscell.
1274 1597 1359 1633 crit.
1382 1598 1482 1636 Sect.
1506 1600 1544 1638 ii.
1566 1614 1606 1650 p.

178 1660 316 1696 33-68.
345 1659 419 1709 (ed.
442 1660 562 1709 Burg.
584 1673 619 1709 p.
655 1658 735 1710 37.)
770 1660 977 1697 Pauwium
999 1659 1133 1696 minus
1168 1662 1305 1699 acerbe
1319 1674 1409 1701 cum
1430 1665 1477 1702 iis
1491 1678 1607 1716 agere

175 1721 372 1756 interdum
390 1722 556 1758 miratus
576 1734 676 1759 sum.

224 1782 430 1830 Repetitus
460 1789 518 1819 est
548 1790 757 1822 contextus
779 1789 904 1833 poetae
940 1795 988 1820 ex
1022 1785 1095 1821 hac
1116 1785 1305 1830 editione,
1326 1787 1498 1835 primum
1517 1790 1608 1829 edit.

168 1842 419 1892 Glasguensi,
447 1845 561 1888 1744,
584 1857 673 1882 cum
696 1846 1021 1895 interpretatione
1040 1847 1162 1883 latina
1177 1864 1188 1893 3
1213 1853 1251 1884 et
1267 1860 1394 1898 graece
1412 1849 1523 1889 1754.
1542 1853 1606 1891 24.

166 1904 290 1941 tribus
307 1905 576 1943 voluminibus
595 1908 855 1950 nitidissimis,
877 1912 915 1943 et
942 1907 1055 1946 1770.
1079 1908 1115 1944 8.
1140 1909 1163 1944 2
1184 1909 1276 1946 voll.
1308 1910 1416 1947 Adde
1434 1910 1606 1952 Londini

176 1966 289 2005 1753.
310 1979 371 2015 ap.
397 1967 575 2017 Bowyer.
608 1970 747 2008 Venet.
782 1971 895 2010 1762.
912 1969 935 2006 8
956 1970 994 2007 ³⁶.

225 2027 405 2065 Veniunt
425 2031 586 2067 tandem
609 2032 650 2068 in
672 2044 876 2069 recensum
898 2032 1017 2069 hunc.

170 2090 230 2128 J0.
243 2090 348 2128 Corn.
362 2093 406 2128 de
419 2093 531 2129 Pauw
545 2096 655 2131 Notoe
667 2096 704 2131 in
718 2094 941 2132 Pindarum.
981 2094 1086 2143 Traj.
1099 2097 1146 2134 ad
1159 2096 1291 2134 Rhen.
1337 2097 1450 2139 1747.
1469 2100 1507 2138 8.
1521 2106 1606 2140 tum

275 2159 413 2200 praeter
431 2155 544 2190 vitam
559 2155 730 2200 Pindari,
744 2157 955 2193 carminum
965 2158 1248 2197 Pindaricorum
1269 2158 1509 2210 Fragmenta.
1533 2164 1606 2202 Cu-

289 2215 453 2252 ravz'tJo.
469 2216 514 2252 G.
530 2217 737 2257 Schneider.
748 2220 899 2269 Argent
920 2218 1033 2258 1776.
1053 2221 1184 2269 4.quae
1201 2222 1537 2270 Voluminihujus
1548 2227 1610 2265 ed.

275 2277 391 2312 tertio
406 2277 550 2314 inserta
560 2286 665 2317 sunt.
678 2282 855 2318 Frz'derici
877 2284 1015 2321 Gedike
1031 2288 1161 2320 autem
1177 2285 1328 2335 ingenii
1341 2286 1609 2336 doctrinaeque

274 2339 490 2386 specimina
509 2340 551 2377 in
570 2341 741 2380 Pindaro
761 2344 802 2380 in
820 2352 1000 2383 nostrum
1017 2357 1241 2384 sermonem
1261 2348 1450 2385 vertendo
1472 2350 1608 2386 etillu-

216 2472 235 2490 ⁸
250 2473 437 2505 Nuntiatum
470 2483 548 2517 erat,
579 2478 618 2510 V,
649 2479 686 2511 C.
709 2480 895 2513 Richardum
926 2483 1071 2514 Chandler
1097 2494 1208 2515 novam
1238 2484 1370 2514 Pindari
1400 2486 1608 2517 recensionem

170 2534 303 2563 parare;
334 2535 436 2556 verum
456 2528 524 2568 ipse
540 2529 668 2570 privatis
684 2531 793 2563 litteris
810 2533 885 2564 mihi
918 2534 1114 2575 significavit,
1129 2535 1262 2564 alienum
1280 2545 1312 2564 se
1328 2535 1366 2564 ab
1398 2535 1456 2565 hoc
1480 2537 1610 2568 consilio

165 2585 244 2605 esse.
289 2576 405 2608 Audivi
429 2583 545 2616 tannen,
562 2581 601 2610 ab
617 2592 655 2611 eo
671 2590 807 2613 curatam
834 2595 901 2615 esse
933 2587 1026 2617 codd.
1043 2586 1147 2617 Vatic.
1178 2585 1307 2615 Pindari
1331 2587 1610 2629 comparationem,

167 2631 198 2655 et
214 2625 416 2659 Guilielmurn
435 2628 547 2661 Clarke
563 2632 686 2663 codices
701 2633 880 2666 Marcianos
908 2637 1044 2678 quinque
1060 2637 1229 2667 contulisse
1260 2636 1291 2666 in
1309 2635 1481 2668 Chandieri
1511 2650 1613 2673 usum.

166 2677 307 2709 Monebo
323 2691 423 2720 porro,
439 2692 478 2712 ne
495 2683 525 2713 in
552 2695 684 2716 errorem
701 2687 829 2724 incidas,
841 2688 890 2719 Jo.
912 2700 966 2720 van
987 2691 1041 2721 der
1064 2690 1178 2720 Dussen
1194 2689 1387 2719 Prodromum
1401 2701 1476 2721 ⁷101>ae
1487 2691 1614 2723 Pindari

167 2728 307 2769 editionis,
321 2730 461 2774 Campis,
478 2737 571 2767 1769.
599 2739 630 2768 8.
648 2738 687 2768 ad
702 2737 870 2781 Epitornen
888 2740 997 2773 Iliadis
1013 2748 1175 2783 perperam
1201 2741 1259 2771 hoc
1283 2740 1407 2771 nomine
1433 2740 1610 2783 inscriptam

168 2787 320 2819 spectare.

253 2834 325 2856 ΥΟΕ.
344 2834 367 2858 1.
933 2845 946 2863 ἔ
