1877 3137
255 205 283 246 ii
764 206 1167 249 PRAEFATIO.

255 331 560 387 gentoratum
576 327 770 375 abierat.
845 328 993 374 Erant
1013 330 1096 390 qui
1123 329 1172 374 in
1209 329 1358 390 lyrico
1383 330 1433 375 in
1468 329 1678 391 patrium

257 415 531 446 sermonem
555 402 877 447 convertendo
903 401 1191 448 desudarent
1214 423 1223 457 ;
1267 404 1351 464 qui
1383 402 1581 464 quidem
1604 418 1681 448 co-

256 481 397 520 natus
414 490 519 520 eam
543 473 686 520 habet
703 475 976 529 utilitatem,
995 481 1048 520 ut
1063 476 1212 521 multa
1229 476 1296 522 sic
1310 476 1484 521 melius
1501 476 1680 537 perspi-

251 548 348 593 cias
362 563 507 609 quam
525 547 730 608 singulis
747 554 931 593 tantum
946 548 1064 593 locis
1080 564 1132 594 ac
1149 549 1306 594 verbis
1320 548 1678 594 difficilioribus

253 619 622 682 interpretandis
643 641 652 675 ;
702 620 785 666 etsi
814 620 943 667 idem
974 621 1116 667 facile
1141 622 1361 669 homines
1385 638 1441 668 eo
1465 622 1675 676 adducit,

254 699 321 747 ut,
347 708 430 740 seu
469 695 725 740 verborum
757 694 1045 755 ambagibus
1078 710 1161 741 seu
1191 697 1425 741 sententia
1456 695 1679 741 universe

251 781 488 829 expressa,
528 783 596 822 ea,
637 782 749 827 quae
784 766 991 812 obscura
1028 775 1157 822 sunt,
1196 769 1481 829 obtegantur
1519 769 1679 830 potius

252 856 396 902 quam
422 841 696 903 aperiantur
719 847 766 885 et
792 840 1107 886 illusuentur.
1181 841 1471 895 Extiterunt,
1494 842 1575 902 qui
1597 847 1680 887 aut

249 913 463 960 carmina
479 913 669 974 singula
683 913 895 968 ederent,
915 919 995 958 aut
1013 913 1153 975 plura
1171 930 1268 960 uno
1284 915 1531 960 volumine
1549 930 1678 960 com-

249 986 624 1048 prehenderent,
645 986 843 1046 adjectis
860 1002 1057 1048 quoque
1077 988 1481 1033 commentai·iis*.
1509 986 1596 1033 Me
1619 1003 1680 1032 ex

246 1059 305 1105 iis
335 1060 590 1121 profecisse
621 1060 845 1115 multum,
871 1066 917 1106 et
948 1060 999 1105 in
1029 1060 1208 1115 multis,
1233 1059 1294 1106 de
1318 1060 1495 1122 quibus
1517 1059 1678 1104 minus

248 1140 374 1180 recte
397 1140 667 1187 statueram,
695 1134 977 1180 sententiam
1000 1140 1221 1188 mutasse,
1242 1134 1419 1179 merito
1436 1148 1489 1178 ac
1510 1132 1679 1177 luben-

246 1212 318 1253 ter
340 1207 597 1270 profiteor3
634 1212 801 1268 utpote
821 1208 904 1269 qui
922 1207 1052 1253 beari
1071 1223 1150 1253 me
1173 1208 1391 1261 sentiam,
1415 1207 1453 1252 si
1474 1222 1501 1251 a
1512 1205 1676 1266 junio-

245 1281 393 1336 ribus,
418 1281 571 1327 multo
590 1281 744 1341 magis
767 1281 806 1327 si
826 1297 854 1326 a
874 1280 1190 1327 familiaribus
1208 1287 1255 1327 et
1275 1280 1523 1342 discipulis
1541 1279 1677 1324 meis,

245 1353 430 1415 aliquid
454 1355 662 1416 proponi
691 1354 895 1409 videam,
922 1354 1054 1416 quod
1079 1355 1180 1417 ipse
1212 1371 1311 1400 non
1331 1353 1679 1400 animadverte-

246 1442 364 1481 ram,
405 1433 486 1472 aut
526 1427 656 1489 quod
702 1428 874 1474 melius
913 1444 968 1474 ac
1013 1428 1236 1474 disertius
1281 1433 1525 1489 exponant
1566 1426 1674 1488 ipsi.

249 1499 375 1550 Quae
412 1500 541 1546 enim
565 1501 666 1546 laus
690 1502 845 1562 major
864 1517 965 1547 6556
997 1508 1150 1562 potest
1174 1502 1349 1547 litteras
1367 1502 1518 1547 bonas
1537 1499 1680 1562 profi-

246 1574 378 1628 tenti,
405 1589 549 1636 quam
573 1575 744 1620 exiisse
764 1591 823 1620 ex
839 1576 944 1636 ejus
968 1575 1224 1636 disciplina
1245 1574 1476 1636 alios,qui
1501 1573 1560 1618 ad
1585 1588 1683 1618 ma-

240 1647 349 1707 jora
379 1649 618 1709 progressi
650 1649 762 1703 sint,
784 1654 863 1694 aut
887 1654 1080 1710 accepta
1102 1647 1162 1692 ad
1191 1648 1284 1693 alia
1315 1663 1477 1693 rerum
1507 1661 1685 1707 genera

247 1722 576 1767 transtulerint
596 1721 613 1769 ?
1258 1724 1260 1726 ’

313 1793 441 1839 Cum
466 1801 627 1841 tamen
662 1796 712 1841 in
743 1794 817 1841 his
838 1795 1053 1841 virorum
1080 1795 1336 1841 doctorum
1360 1793 1531 1840 studiis
1555 1792 1685 1839 haud

248 1883 399 1929 pauca
416 1868 859 1923 animadverterem,
882 1884 993 1931 quae
1018 1869 1202 1915 sollerti
1219 1869 1371 1930 magis
1391 1873 1682 1921 commento,
1701 1921 1705 1924 ἢ

250 1957 396 2003 quam
419 1943 651 1988 sermonis
675 1943 822 2004 graeci
848 1943 1035 1988 ratione
1071 1949 1117 1988 et
1140 1942 1302 1989 indole
1326 1958 1375 1989 56
1398 1942 1654 1988 tuebantur
1675 1959 1686 1995 ;

248 2017 403 2062 multo
428 2018 581 2079 magis
604 2018 819 2064 intellexi
836 2034 943 2084 ‘esse
968 2018 1319 2065 elaborandum
1344 2019 1395 2064 in
1419 2033 1491 2073 eo,
1515 2022 1569 2062 ut
1589 2031 1690 2061 ora-

250 2091 393 2136 tionis
430 2090 700 2137 Pindaricae
724 2093 823 2138 vim
857 2099 903 2138 et
939 2108 1084 2139 usum
1105 2093 1194 2139 rite
1218 2106 1507 2154 assequerer,
1534 2095 1686 2150 utque

252 2165 520 2211 carminum
555 2168 811 2213 sententias
844 2168 1057 2228 singulas
1083 2167 1208 2213 clare
1232 2182 1287 2212 ac
1308 2165 1561 2228 perspicue
1578 2168 1687 2208 ante

252 2239 415 2284 oculos
439 2255 682 2301 ponerem,
701 2241 1058 2303 enodaremque
1074 2240 1348 2287 difficiliora
1371 2240 1454 2293 sic,
1472 2245 1526 2283 ut
1547 2242 1594 2283 et
1617 2236 1684 2296 ly-

251 2312 365 2358 ricae
391 2314 617 2358 orationis
639 2314 709 2359 vis
729 2313 858 2360 haud
877 2314 1224 2361 obtunderetur
1247 2320 1294 2360 et
1315 2312 1548 2360 sententia
1581 2310 1685 2371 ipsa

253 2391 371 2430 esset
386 2392 548 2446 aperta
570 2392 616 2431 et
639 2387 879 2448 expedita.

320 2458 431 2509 Quo
456 2459 507 2505 in
526 2466 701 2505 conatu
718 2460 822 2507 fieri
845 2463 1014 2524 potuit,
1042 2462 1173 2525 quod
1198 2461 1442 2509 interdum
1464 2457 1681 2505 accidere

297 2587 314 2605 ³*
336 2587 513 2618 Recensum
528 2598 632 2619 eorum
650 2588 802 2619 dederunt
819 2589 872 2620 viri
889 2589 972 2621 docti
993 2591 1113 2621 Harles.
1142 2592 1290 2622 Biblioth.
1316 2602 1362 2632 gr.
1407 2590 1530 2621 Fabric.
1557 2588 1619 2620 vol.
1651 2588 1685 2619 ii.

256 2648 286 2678 p.
305 2640 355 2668 26.
398 2637 586 2679 Schummel,
605 2639 834 2680 Blankenburg
853 2640 883 2670 in
916 2641 1016 2672 addit,
1046 2643 1083 2672 ad
1113 2641 1226 2673 Sulzer.
1270 2642 1410 2672 Eminuit
1436 2642 1522 2671 inter
1545 2650 1608 2674 605,
1631 2639 1685 2681 qui

256 2689 290 2718 in
306 2687 439 2719 Pindaro
455 2691 588 2719 studium
605 2691 803 2725 collocarunt,
821 2691 866 2720 vir
878 2691 973 2722 felicis
987 2693 1102 2731 ingenii
1113 2701 1143 2723 et
1161 2694 1252 2724 variis
1262 2693 1409 2723 doctrinae
1422 2691 1518 2733 copiis
1532 2691 1685 2730 instructi,

260 2738 282 2767 F
295 2747 371 2768 1³11>
385 2750 402 2769 ε
416 2750 435 2769 n
447 2749 456 2769 l
469 2750 487 2770 c
502 2752 520 2771 υ
535 2751 548 2771 s
574 2742 601 2772 G
614 2749 632 2772 Ε
646 2751 716 2773 ου(
729 2753 759 2784 Ε,
775 2743 827 2783 qui
843 2753 926 2773 nunc
950 2743 1059 2774 iisdem
1087 2744 1207 2783 litteris,
1231 2755 1305 2785 quas
1322 2744 1510 2780 excoluerat,
1534 2752 1606 2776 cura
1630 2750 1685 2772 sua

259 2790 380 2821 tuendis
398 2797 517 2831 praeest.
