1877 3137
665 211 1117 256 PRAEFATIO.
1585 207 1657 249 xiii

284 342 547 405 Reliquum
571 346 684 396 erat,
709 339 939 400 colligere
962 353 1018 383 ea
1041 349 1237 397 quoque
1258 333 1378 388 loca,
1404 347 1515 395 quae
1556 347 1660 395 pas-

215 419 373 465 simin
393 416 706 479 scriptoribus
741 430 767 460 e
794 411 991 458 Pindari
1020 408 1256 472 Epiniciis
1291 406 1578 462 laudantur3
1615 410 1663 453 et

219 490 374 536 habeo
420 496 641 553 paratum
687 487 835 548 hujus
872 485 1064 546 generis
1098 497 1358 528 numerum
1393 480 1525 527 haud
1563 481 1664 528 exi·
1719 529 1723 531 ,

221 582 391 626 guum.
465 565 595 612 Cum
619 570 780 610 tamen
798 563 1031 624 pleraque
1056 559 1152 605 sint
1173 571 1336 604 versus
1363 557 1659 612 sententiosi,

222 641 288 687 ita
309 640 513 702 repetiti,
529 645 583 684 ut
604 653 746 683 usum
770 652 854 683 seu
878 636 1101 682 criticum
1135 647 1216 678 seu
1241 630 1546 692 exegeticum
1579 630 1664 676 vix

223 713 431 759 habeant
454 727 707 773 magnum,
734 711 828 756 alia
849 710 944 755 sint
964 708 1226 754 verborum
1252 704 1557 765 singulorum
1581 719 1665 749 no-

200 787 436 842 tationes,
465 787 514 832 in
542 786 851 848 Etymologo‚
884 781 1146 844 Hesychio,
1183 786 1232 825 et
1249 779 1356 825 aliis
1387 779 1665 839 grammati-

224 861 308 915 cis,
333 860 394 906 ad
414 860 651 906 doctrinae
675 859 837 921 copias
859 849 1164 903 ostentan'das
1185 852 1316 898 haud
1351 853 1563 908 inutiles,
1588 869 1666 899 ve-

225 950 333 980 rum
358 951 386 979 a
417 934 619 980 consilio
654 948 778 979 meae
814 946 994 994 operae,
1031 929 1102 980 uti
1134 927 1257 974 illud
1293 927 1665 989 circumscripsi,

223 1009 421 1056 alienae:
457 1000 753 1069 singularem
779 1006 854 1052 his
879 1019 1077 1067 operam
1111 1002 1358 1065 impertire
1392 1001 1557 1054 uolui;
1594 1001 1666 1047 uti

223 1098 314 1130 nec
338 1098 399 1129 ex
417 1081 894 1128 animadversionum
917 1086 965 1125 et
978 1077 1371 1124 observationum
1391 1075 1668 1122 criticarum

224 1157 362 1204 libris
381 1164 428 1204 et
461 1157 676 1203 virorum
709 1154 963 1201 doctorum
987 1149 1345 1198 commentariis
1368 1149 1670 1210 conquirere,

227 1233 404 1295 quibus
440 1231 648 1293 quisque
677 1229 838 1275 modis
866 1226 1123 1274 Pindarica
1145 1223 1423 1279 tentaverit;
1473 1227 1672 1283 vagatus

222 1322 379 1353 essem
405 1310 542 1351 extra
559 1305 705 1359 oleas,
730 1309 1000 1350 enotassem
1022 1300 1176 1346 multa
1198 1298 1335 1344 nullo
1360 1313 1473 1344 cum
1491 1296 1669 1354 fructu,

226 1381 403 1442 partim
424 1394 677 1442 perperam
695 1377 977 1438 conjectata,
998 1375 1175 1438 partim
1199 1389 1270 1429 ea,
1307 1373 1358 1418 in
1395 1386 1507 1434 quae
1528 1370 1671 1419 facile

226 1456 432 1518 quisque
461 1455 512 1500 in
535 1453 611 1499 his
646 1453 813 1499 litteris
832 1457 1045 1499 versatus
1079 1455 1127 1495 et
1160 1449 1262 1511 ipse
1298 1446 1513 1500 incidat3
1550 1445 1672 1493 forte

227 1530 387 1584 etiam,
412 1529 449 1575 si
475 1528 721 1588 judicium
746 1526 1014 1587 adjungere
1047 1523 1289 1576 volebam,
1327 1521 1673 1567 certaminibus

229 1619 308 1649 me
344 1603 645 1663 objecissem,
671 1616 700 1646 a
735 1601 913 1663 quibus
948 1598 1111 1661 paullo
1147 1595 1433 1659 prudentior
1468 1595 1674 1658 quisque

232 1678 472 1724 abhorret.

299 1752 430 1798 Cum
449 1752 653 1806 Indices,
683 1751 839 1812 quiin
863 1749 939 1797 ed.
971 1748 1138 1795 Oxon.
1181 1753 1412 1811 prostant,
1437 1749 1534 1794 sint
1549 1748 1678 1795 lacu-

234 1826 353 1881 nosi,
379 1841 648 1888 parumque
668 1824 927 1885 diligenter
961 1822 1187 1878 consecti,
1220 1828 1332 1868 sunt
1353 1823 1436 1869 alii
1464 1823 1569 1884 jam
1592 1839 1675 1885 pa.

226 1901 313 1946 rati
338 1916 485 1962 opera
507 1906 554 1945 et
577 1898 739 1945 studio
764 1897 894 1944 docti
911 1897 1126 1958 juvenis,
1148 1896 1446 1960 Raphaelis
1477 1897 1675 1947 Fiorz'l-

232 1974 280 2021 lo
299 1990 318 2026 ,·
353 1979 673 2021 excreverunt
695 1979 857 2019 tamen
874 1972 946 2019 illi
982 1971 1044 2018 ad
1079 1987 1186 2018 eam
1221 1971 1419 2027 molem,
1454 1976 1508 2016 ut
1531 1971 1679 2021 Volu-

231 2048 379 2094 minis
403 2048 549 2109 hujus
567 2048 694 2094 tertii
716 2052 901 2110 partem
924 2061 1154 2108 magnam
1173 2045 1492 2101 constituant;
1517 2061 1677 2110 neque

233 2138 287 2168 ea
320 2123 579 2185 quisquam
624 2120 823 2168 Pindari
860 2120 1104 2167 studiosus
1139 2135 1283 2182 aequo
1318 2120 1483 2165 animo
1518 2137 1679 2170 carere

230 2196 422 2257 poterit.
497 2196 621 2242 Sunt
645 2196 777 2242 enim
801 2194 990 2241 Indices
1006 2200 1129 2241 tres:
1167 2194 1205 2244 Ι.
1225 2194 1504 2250 verborum,
1529 2197 1676 2245 etiam

231 2270 282 2315 in
305 2269 605 2331 Fragmentis
628 2271 903 2324 obviorum,
931 2270 1015 2332 qui
1036 2285 1124 2332 pro
1147 2267 1301 2314 fundo
1322 2268 1483 2315 omnis
1503 2270 1680 2316 oratio-

232 2344 307 2389 nis
331 2359 532 2406 poeseos
553 2345 719 2407 lyricae
743 2344 910 2391 haberi
935 2345 1125 2407 poterit,
1150 2343 1316 2389 labore
1339 2342 1679 2391 molestissimo

233 2418 501 2464 elaboratus
519 2438 532 2474 3
554 2418 614 2465 ΙΙ.
646 2418 955 2465 Scholiorum
978 2439 989 2474 ;
1034 2419 1211 2465 inserta
1233 2417 1427 2479 utrique
1450 2418 1684 2465 notabilia

235 2493 418 2548 enotis,
439 2493 586 2539 etiam
623 2493 674 2539 in
712 2493 1014 2555 Fragmentis
1048 2499 1096 2539 et
1129 2492 1181 2538 in
1216 2491 1342 2537 libro
1378 2490 1439 2537 de
1464 2490 1640 2538 Metris
1667 2514 1679 2549 ;

235 2565 320 2613 ΙΙΙ.
345 2565 615 2613 Auctorum
637 2574 854 2615 veterum
880 2568 931 2614 in
969 2566 1177 2614 Scholiis
1212 2564 1531 2621 laudatorum,
1567 2582 1681 2613 cum

232 2642 476 2688 notatione
517 2642 736 2704 ipsorum
776 2643 998 2689 locorum
1038 2647 1085 2688 et
1115 2641 1374 2687 verborum
1424 2639 1680 2687 illustrato-

234 2729 359 2760 rum.

303 2789 550 2851 Descripsi
575 2791 787 2852 ingenue
809 2789 1018 2837 formam
1036 2804 1196 2853 operae
1219 2802 1360 2844 meae,
1390 2785 1680 2851 reddidique

237 2862 473 2911 rationem
498 2880 667 2912 eorum
692 2879 902 2928 quoque,
942 2879 1053 2928 quae
1077 2863 1333 2912 meditatus
1357 2878 1490 2910 eram
1508 2868 1556 2909 et
1582 2862 1683 2908 ani-
