1877 3137
707 228 1114 271 PRAEFATIO.
1545 225 1631 267 xliii

334 334 338 347 ,

184 371 252 397 vas
272 359 579 405 redhibuerunt3
613 371 736 398 novas
754 366 822 398 aut
842 361 1023 398 meliores
1037 360 1229 396 lectiones
1250 371 1337 407 quae
1358 359 1518 396 fortuna
1535 371 1623 406 pro-

185 418 284 471 pitia
302 421 436 458 offerre
452 422 588 470 possit,
613 434 694 458 non
717 423 846 460 video.

226 485 299 522 -Ita
317 496 473 533 quoque
488 484 570 521 vidi
590 497 671 521 rem
692 497 732 522 se
754 486 898 523 habere
919 487 960 522 in
982 486 1069 522 aliis
1099 483 1319 524 codicibus,
1350 495 1517 530 quorum
1550 488 1618 519 aut

182 549 300 585 lectio
315 548 487 592 varians,
508 553 576 584 aut
594 549 812 597 specimina
834 549 881 586 ad
903 561 966 585 me
989 548 1107 584 missa
1127 552 1218 582 sunt
1237 546 1485 581 humanitate
1518 546 1622 580 viro-

183 621 271 646 rum
292 610 511 653 doctorum,
529 622 696 658 quorum
719 612 883 647 nomina
902 610 1064 646 honoris
1086 620 1224 645 caussa
1243 614 1410 655 appono.

237 672 415 712 varietas
434 673 614 710 lectionis
644 686 664 710 e
686 674 800 712 codd;
821 674 922 709 binis
943 672 1156 708 chartaceis
1177 672 1271 706 Saec.
1291 682 1355 706 xv.
1376 669 1623 705 bibliothecae

183 733 391 781 Synodalis
410 733 661 783 Mosquensis
682 734 841 771 Pindari
862 734 1051 783 Olympia
1071 732 1298 780 complexis.
1367 730 1478 766 Prior
1497 732 1624 767 varios

185 794 283 831 alios
320 796 474 832 libellos
504 797 677 845 poeticos
720 797 915 838 continet,
946 796 1043 831 alter
1080 794 1228 833 scholia
1265 793 1383 829 habet
1419 790 1623 838 adjuncta:

185 860 214 877 “
233 861 410 893 auctores
424 857 670 894 Scholiorum
685 862 873 894 notantur
886 856 1172 903 Moschopulus
1185 860 1222 891 et
1235 854 1408 890 Thomas
1424 854 1626 903 Magister.

185 922 214 940 “
233 918 296 955 Ex
316 919 459 956 horum
476 920 633 956 scholiis
654 919 902 967 intelligitur,
924 918 1051 954 multa
1068 917 1116 952 ab
1136 917 1232 965 ipsis
1263 917 1304 952 in
1327 921 1515 952 contextu
1537 928 1624 952 mu-

190 984 219 1000 “
238 984 322 1017 tata
342 992 425 1017 esse
444 985 605 1029 propter
622 983 825 1016 metrum.'’

239 1042 272 1078 A
289 1042 338 1078 V.
358 1043 402 1079 C.
429 1041 493 1080 Jo.
520 1042 651 1090 AloyS.
667 1039 1034 1089 Martyni-Laguna
1053 1040 1160 1076 varia
1178 1040 1296 1076 lectio
1313 1039 1427 1075 docte
1444 1045 1482 1075 et
1503 1039 1626 1075 subti-

187 1104 278 1141 liter
298 1110 493 1154 excerpta,
515 1117 564 1142 ex
584 1105 825 1155 Fragmento
843 1104 1000 1152 Olymp.
1025 1105 1152 1141 x-xiv.
1183 1104 1287 1151 quod
1315 1104 1356 1139 in
1389 1103 1644 1140 bibliotheca*

191 1165 475 1204 Zuickaviensi
495 1171 684 1204 servatur.

240 1227 401 1265 Variam
421 1229 634 1265 lectionem
655 1228 840 1265 carminis
860 1229 886 1266 i.
906 1227 1067 1276 Olymp.
1097 1239 1118 1264 e
1135 1227 1246 1264 codd.
1274 1226 1489 1263 Marcianis
1521 1226 1623 1262 Ven.

183 1285 270 1335 ,iam
290 1301 407 1338 supra
426 1290 746 1327 commemoravi.

240 1351 275 1387 E
292 1353 566 1390 recentissimis
583 1358 641 1388 est
657 1351 779 1388 codex
793 1350 1018 1387 chartaceus
1034 1350 1128 1387 olim
1145 1350 1392 1388 bibliothecae
1409 1348 1625 1397 Rostgaar⁴

186 1413 348 1458 diensis,
366 1426 472 1450 nunc
491 1414 740 1450 bibliothecae
764 1413 898 1461 Regiae
922 1411 1168 1456 HaFniensis,
1191 1425 1211 1449 e
1231 1423 1308 1460 quo
1329 1411 1527 1459 specimen
1548 1409 1627 1444 lec-

187 1475 307 1511 tionis
330 1488 407 1513 var.
425 1476 545 1512 trium
557 1476 730 1524 priorum
749 1474 969 1510 carminum
981 1486 1014 1511 a.
1028 1475 1102 1511 xci.
1120 1475 1167 1511 ad
1186 1486 1249 1510 me
1266 1473 1373 1509 misit
1388 1472 1434 1509 B.
1456 1468 1505 1508 G.
1532 1470 1629 1506 Nie-

186 1536 303 1580 buhr,
322 1537 498 1573 Carsteni
517 1537 633 1580 filius,
654 1534 766 1583 cujus
787 1536 951 1584 ingenio
968 1541 1006 1572 et
1025 1536 1155 1572 studio
1175 1536 1338 1573 mirifice
1351 1540 1437 1572 tum
1455 1534 1625 1571 delecta-

188 1596 270 1634 bar.
326 1598 515 1634 Continet
534 1598 734 1646 Olympia,
755 1597 821 1633 sed
841 1609 996 1633 carmen
1015 1598 1094 1635 xiv.
1115 1598 1256 1635 deficit.

242 1658 352 1695 Alius
373 1660 761 1711 Codexchartaceus‚
775 1659 990 1707 quaternis,
1008 1660 1133 1696 nitide
1153 1661 1332 1708 scriptus,
1351 1672 1372 1696 e
1388 1658 1631 1696 bibliotheca

189 1719 314 1756 Ducis
347 1721 529 1758 Sereniss.
555 1719 765 1758 Brunsuic.
794 1721 1158 1769 Guelpherbytana,
1192 1733 1308 1770 quem
1338 1719 1631 1769 inspiciendum

189 1780 289 1819 mihi
324 1783 468 1819 eximia
499 1794 588 1818 cum
622 1781 812 1818 facilitate
845 1782 1039 1819 concessit
1073 1783 1349 1821 meritissimus
1378 1782 1630 1819 bibliothecae

188 1844 409 1894 praefectus,
430 1842 529 1881 Ern.
559 1844 692 1882 Theod.
715 1843 887 1892 Langer:
922 1848 1004 1880 erat
1021 1844 1088 1882 ille
1108 1846 1204 1882 olim
1223 1845 1313 1883 Nic.
1333 1843 1503 1881 Heinsio
1523 1843 1629 1880 dono

191 1907 334 1944 missus
354 1919 377 1943 a
393 1906 535 1944 Carolo
554 1905 664 1943 Dati.
722 1905 1008 1954 Complectitur
1027 1906 1213 1956 Olympia
1229 1912 1267 1945 et
1286 1907 1440 1955 Pythia.

245 1970 345 2010 Quae
365 1983 414 2007 ex
431 1971 492 2007 his
522 1982 566 2007 ac
587 1969 781 2007 similibus
812 1974 1036 2014 motantur,
1071 1977 1165 2008 sunt
1194 1975 1348 2008 tantum
1377 1982 1457 2007 non
1488 1968 1625 2006 omnia.

190 2033 397 2070 varietates
417 2033 629 2083 eneglecta
653 2032 834 2076 dialecto,
856 2044 1043 2069 versuum
1063 2034 1227 2071 modulo
1246 2034 1428 2082 longiore
1453 2043 1521 2069 seu
1539 2031 1625 2068 bre-

189 2094 310 2140 viore,
330 2095 488 2134 insertis
506 2092 571 2132 vel
590 2094 746 2132 omissis
764 2093 971 2143 particulis
989 2093 1040 2145 δε,
1061 2110 1125 2150 γε,
1146 2111 1202 2147 τε,
1220 2101 1259 2135 et
1282 2094 1491 2133 similibus.
