1877 3137
249 203 320 243 xvi
771 198 1176 240 PRAEFATIO.

319 321 586 369 Pindarum
609 323 775 368 mirari
801 322 917 369 licet
956 339 1043 385 pro
1090 328 1321 368 vetustate
1364 335 1451 368 sua
1495 328 1593 368 tam
1610 336 1691 383 pa-

250 414 360 446 rum
383 395 674 442 mendosum
694 396 754 442 ad
772 412 859 441 nos
872 397 1162 458 pervenisse.
1224 396 1420 442 Scilicet
1434 396 1564 450 vitia,
1586 394 1692 457 qui-

250 474 342 519 bus
376 469 542 517 foedati
566 470 757 516 codices
780 476 908 524 sunt,
953 470 1014 515 ad
1059 470 1320 516 dialectum
1365 469 1478 524 fere,
1504 469 1596 514 alia
1630 466 1689 512 ad

248 552 459 593 metrum
482 549 726 605 spectant3
764 558 933 589 eorum
978 551 1139 589 autem
1172 543 1477 598 mendorum,
1513 542 1694 604 quibus

248 621 485 669 sententia
508 624 857 681 corrumpatur,
887 619 1039 664 multo
1065 619 1226 664 minor
1245 634 1393 681 quam
1417 619 1469 664 in
1485 615 1691 677 Virgilio

249 702 297 743 et
319 694 535 748 HoratiO,
556 700 610 738 ut
628 692 715 738 hos
754 693 1060 754 potissimum
1106 708 1388 748 memorem,
1428 697 1496 738 est
1535 689 1692 752 copia.

251 769 423 831 Aeque
439 768 531 813 hoc
551 766 671 813 illud
692 772 776 821 est,
805 765 937 827 quod
975 781 1106 828 saepe
1130 767 1329 812 miratus
1353 782 1476 821 sum,
1510 765 1693 810 Home-

249 861 360 892 rum
380 850 425 890 et
450 842 735 897 Pindarum,
784 841 908 887 adde
956 841 1280 897 Herodotum,
1330 841 1692 902 antiquissimos

248 919 525 979 scriptores,
551 916 704 961 multo
749 916 904 977 magis
950 916 1216 962 incolumes
1261 917 1568 977 sincerosque
1593 927 1693 959 esse

250 997 476 1045 servatos,
505 1005 651 1052 quam
679 990 860 1035 multos
877 990 1133 1051 scriptores
1149 990 1232 1052 qui
1247 996 1358 1052 post
1384 989 1444 1035 C.
1472 987 1536 1034 N.
1563 987 1694 1033 vixe-

249 1072 390 1119 runt;
427 1070 736 1125 utenturque,
763 1064 802 1109 si
828 1063 1030 1119 lubebit,
1071 1080 1129 1110 eo
1176 1069 1484 1124 argumento,
1525 1060 1609 1122 qui
1633 1058 1694 1104 de

249 1139 589 1187 hebraicorum
627 1137 905 1183 auctoritate
951 1137 1256 1184 defendenda
1290 1142 1528 1198 satagunt.
1602 1133 1695 1180 Po-

250 1215 341 1260 tuit
365 1212 578 1275 quidem,
600 1227 689 1257 nec
712 1211 920 1266 inficior,
963 1212 1065 1273 ipse
1091 1212 1321 1258 orationis
1343 1211 1405 1258 ad
1429 1217 1583 1257 certos
1606 1225 1695 1254 nu-

249 1305 408 1345 meros
448 1295 496 1334 et
534 1294 687 1333 metra
719 1286 961 1333 adstrictae
996 1286 1306 1349 periodisque
1346 1285 1695 1333 sententiarum

249 1364 401 1412 finitis
442 1363 647 1409 inclusae
697 1361 907 1415 habitus,
956 1361 1099 1407 etiam
1140 1362 1369 1408 carminis
1409 1359 1696 1414 obscuritas,

249 1436 545 1486 contundere
588 1436 825 1498 impetum
872 1436 1197 1491 librariorum,
1223 1452 1284 1482 ne
1322 1436 1462 1482 solita
1501 1433 1698 1480 licentia

250 1517 593 1575 grassarentur.
664 1510 842 1555 Verum
869 1516 1134 1556 metrorum
1176 1510 1503 1557 dimensiones
1526 1514 1574 1554 et
1595 1522 1698 1553 ver-

253 1602 397 1634 suum
438 1585 772 1631 distinctiones
806 1584 1063 1645 ejusmodi,
1099 1585 1267 1647 quales
1306 1600 1437 1630 nunc
1461 1584 1509 1629 in
1555 1582 1698 1629 editis

252 1661 499 1714 habemus,
526 1674 622 1704 non
641 1658 774 1704 fuere
809 1658 858 1703 in
890 1658 1060 1721 priscis
1080 1659 1430 1713 voluminibUS,
1471 1657 1700 1704 continua

250 1734 349 1780 sere
373 1733 630 1779 verborum
654 1733 858 1792 ambage
875 1739 923 1778 et
937 1732 1273 1778 circumductu
1314 1732 1505 1794 scriptis
1528 1752 1538 1785 ;
1570 1731 1698 1777 unde

251 1815 350 1854 tam
369 1808 570 1853 diversae
604 1822 829 1853 versuum
860 1806 1186 1853 dimensiones
1220 1812 1346 1852 natae
1390 1812 1517 1853 sunt.
1592 1806 1695 1852 Ob-

255 1883 454 1928 scuritas
478 1887 638 1927 autem
657 1881 1005 1927 sententiarum
1050 1886 1181 1926 tanto
1219 1880 1470 1926 molestior
1492 1895 1595 1926 esse
1618 1879 1699 1925 de-

256 1957 362 2003 buit
384 1956 607 2011 librariis,
635 1972 746 2002 cum
788 1972 878 2001 nec
926 1956 1208 2002 intentatam
1252 1971 1359 2001 eam
1390 1954 1696 2017 reliquerint,

258 2031 422 2077 dorica
446 2030 544 2075 fere
566 2030 720 2076 forma
758 2029 819 2075 ad
860 2030 1128 2091 vulgarem,
1170 2036 1406 2092 quantum
1449 2044 1536 2092 per
1571 2030 1699 2093 ipsos

257 2103 409 2158 fieret,
435 2103 642 2151 deflexa,

325 2177 553 2223 Notabile
578 2184 648 2224 est
680 2178 729 2223 in
753 2177 951 2224 Pindari
986 2177 1179 2226 fortuna
1213 2179 1357 2225 etiam
1400 2179 1538 2235 illud,
1567 2180 1699 2242 quod
1722 2168 1734 2171 ”

257 2258 306 2298 et
323 2251 599 2313 paucissimi
621 2258 666 2297 et
685 2251 952 2298 admodum
999 2260 1213 2300 recentes
1248 2253 1394 2314 hujus
1431 2260 1598 2315 poetae
1623 2270 1701 2301 co-

258 2325 391 2371 dices
414 2331 593 2371 extant.
665 2325 704 2369 V
709 2326 759 2371 ix
783 2325 843 2371 ad
878 2343 963 2373 XL.
989 2327 1298 2390 exemplaria,
1341 2342 1453 2389 quae
1490 2342 1695 2389 usquam

255 2404 521 2451 serventur,
558 2400 813 2445 memorari
851 2400 1022 2456 video;
1060 2416 1173 2464 quae
1219 2400 1458 2461 integram
1507 2400 1700 2466 περίοδον

260 2473 553 2527 contineant,
579 2473 866 2533 paucissima
894 2482 1018 2531 sunt,
1056 2476 1286 2538 pleraque
1314 2476 1544 2539 Olympia
1567 2477 1705 2523 exbi-

261 2547 391 2600 bent,
416 2546 509 2591 alia
525 2546 668 2591 aliam
686 2547 969 2608 particulam
988 2567 998 2595 ε
1036 2557 1083 2596 at
1107 2566 1167 2596 ex
1192 2551 1251 2597 iis
1268 2552 1423 2597 multa
1446 2557 1558 2597 sunt
1579 2552 1702 2598 mul-

263 2625 313 2665 to
336 2620 616 2675 recentiora,
638 2636 784 2682 quam
804 2627 857 2667 ut
877 2622 977 2668 ulla
997 2639 1162 2670 eorum
1185 2625 1444 2671 auctoritas
1467 2640 1568 2671 esse
1594 2640 1703 2686 pos-

264 2695 341 2741 sit.
414 2694 651 2759 Pleraque
682 2697 813 2742 enim
860 2699 1023 2744 omnia
1058 2715 1116 2745 ex
1163 2701 1354 2747 saeculis
1391 2717 1502 2747 xvl.
1528 2707 1576 2746 et
1612 2717 1697 2748 xv.

261 2771 404 2813 sunt:
442 2783 553 2829 quae
600 2770 834 2817 saeculum
884 2786 991 2818 X1v.
1057 2773 1306 2829 excedant,
1354 2775 1488 2821 nulla
1541 2774 1699 2821 adhuc
