<?xml version="1.0" encoding="UTF-8"?>
<!DOCTYPE html PUBLIC "-//W3C//DTD XHTML 1.0 Transitional//EN"
    "http://www.w3.org/TR/xhtml1/DTD/xhtml1-transitional.dtd">
<html xmlns="http://www.w3.org/1999/xhtml" xml:lang="en" lang="en">
 <head>
  <title>
</title>
<meta http-equiv="Content-Type" content="text/html;charset=utf-8" />
  <meta name='ocr-system' content='tesseract 3.04.00' />
  <meta name='ocr-capabilities' content='ocr_page ocr_carea ocr_par ocr_line ocrx_word'/>
</head>
<body>
  <div class='ocr_page' id='page_1' title='image "./carminacumlectio01pinduoft_0041.png"; bbox 0 0 1877 3137; ppageno 0'>
   <div class='ocr_carea' id='block_1_1' title="bbox 719 233 1627 279">
    <p class='ocr_par' dir='ltr' id='par_1_1' title="bbox 719 233 1627 279">
     <span class='ocr_line' id='line_1_1' title="bbox 719 233 1627 279; baseline 0.003 -3"><span class='ocrx_word' id='word_1_1' title='bbox 719 233 1127 276; x_wconf 81' lang='lat' dir='ltr'><strong>PRAEFATIO.</strong></span> <span class='ocrx_word' id='word_1_2' title='bbox 1529 237 1627 279; x_wconf 84' lang='lat' dir='ltr'>xxxi</span> 
     </span>
    </p>
   </div>
   <div class='ocr_carea' id='block_1_2' title="bbox 193 373 1636 2650">
    <p class='ocr_par' dir='ltr' id='par_1_2' title="bbox 193 373 1636 2650">
     <span class='ocr_line' id='line_1_2' title="bbox 195 373 1628 425; baseline -0.001 -10"><span class='ocrx_word' id='word_1_3' title='bbox 195 382 281 415; x_wconf 72' lang='lat' dir='ltr'>tum</span> <span class='ocrx_word' id='word_1_4' title='bbox 296 374 487 415; x_wconf 75' lang='lat' dir='ltr'>&#39;Aldinum</span> <span class='ocrx_word' id='word_1_5' title='bbox 505 377 705 425; x_wconf 86' lang='lat' dir='ltr'>exemplar</span> <span class='ocrx_word' id='word_1_6' title='bbox 720 376 975 413; x_wconf 85' lang='lat' dir='ltr'>Rittershusii</span> <span class='ocrx_word' id='word_1_7' title='bbox 994 387 1086 411; x_wconf 87' lang='lat' dir='ltr'>cura</span> <span class='ocrx_word' id='word_1_8' title='bbox 1099 373 1367 417; x_wconf 86' lang='lat' dir='ltr'>emendatum,</span> <span class='ocrx_word' id='word_1_9' title='bbox 1387 375 1628 424; x_wconf 85' lang='lat' dir='ltr'>transcriptis</span> 
     </span>
     <span class='ocr_line' id='line_1_3' title="bbox 195 435 1629 487; baseline -0.002 -11"><span class='ocrx_word' id='word_1_10' title='bbox 195 451 351 487; x_wconf 85' lang='lat' dir='ltr'>quoque</span> <span class='ocrx_word' id='word_1_11' title='bbox 371 439 577 476; x_wconf 84' lang='lat' dir='ltr'>nonnullis</span> <span class='ocrx_word' id='word_1_12' title='bbox 598 452 619 475; x_wconf 87' lang='lat' dir='ltr'>a</span> <span class='ocrx_word' id='word_1_13' title='bbox 638 438 658 473; x_wconf 86' lang='lat' dir='ltr'>J</span> <span class='ocrx_word' id='word_1_14' title='bbox 666 438 776 475; x_wconf 89' lang='lat' dir='ltr'>oach.</span> <span class='ocrx_word' id='word_1_15' title='bbox 810 437 1032 474; x_wconf 84' lang='lat' dir='ltr'>Camerario</span> <span class='ocrx_word' id='word_1_16' title='bbox 1054 437 1094 473; x_wconf 91' lang='lat' dir='ltr'>in</span> <span class='ocrx_word' id='word_1_17' title='bbox 1116 437 1297 486; x_wconf 82' lang='lat' dir='ltr'>margine</span> <span class='ocrx_word' id='word_1_18' title='bbox 1316 435 1376 471; x_wconf 89' lang='lat' dir='ltr'>sui</span> <span class='ocrx_word' id='word_1_19' title='bbox 1396 437 1629 485; x_wconf 88' lang='lat' dir='ltr'>exemplaris</span> 
     </span>
     <span class='ocr_line' id='line_1_4' title="bbox 196 496 1630 549; baseline -0.003 -11"><span class='ocrx_word' id='word_1_20' title='bbox 196 501 399 549; x_wconf 82' lang='lat' dir='ltr'>adspersis.</span> <span class='ocrx_word' id='word_1_21' title='bbox 454 501 526 537; x_wconf 90' lang='lat' dir='ltr'>Sed</span> <span class='ocrx_word' id='word_1_22' title='bbox 559 499 896 536; x_wconf 84' lang='lat' dir='ltr'>Rittershusianas</span> <span class='ocrx_word' id='word_1_23' title='bbox 931 499 1019 535; x_wconf 88' lang='lat' dir='ltr'>illas</span> <span class='ocrx_word' id='word_1_24' title='bbox 1057 499 1189 546; x_wconf 90' lang='lat' dir='ltr'>copias</span> <span class='ocrx_word' id='word_1_25' title='bbox 1227 509 1308 534; x_wconf 90' lang='lat' dir='ltr'>non</span> <span class='ocrx_word' id='word_1_26' title='bbox 1347 496 1444 533; x_wconf 82' lang='lat' dir='ltr'>adeo</span> <span class='ocrx_word' id='word_1_27' title='bbox 1478 499 1630 545; x_wconf 82' lang='lat' dir='ltr'>opimas</span> 
     </span>
     <span class='ocr_line' id='line_1_5' title="bbox 195 558 1630 610; baseline -0.002 -11"><span class='ocrx_word' id='word_1_28' title='bbox 195 562 330 606; x_wconf 83' lang='lat' dir='ltr'>fuisse,</span> <span class='ocrx_word' id='word_1_29' title='bbox 351 568 436 599; x_wconf 89' lang='lat' dir='ltr'>tum</span> <span class='ocrx_word' id='word_1_30' title='bbox 466 575 513 599; x_wconf 84' lang='lat' dir='ltr'>ex</span> <span class='ocrx_word' id='word_1_31' title='bbox 545 563 629 610; x_wconf 80' lang='lat' dir='ltr'>ipsa</span> <span class='ocrx_word' id='word_1_32' title='bbox 661 574 700 597; x_wconf 89' lang='lat' dir='ltr'>re</span> <span class='ocrx_word' id='word_1_33' title='bbox 727 559 904 608; x_wconf 86' lang='lat' dir='ltr'>judicare</span> <span class='ocrx_word' id='word_1_34' title='bbox 924 561 1032 604; x_wconf 90' lang='lat' dir='ltr'>lieet,</span> <span class='ocrx_word' id='word_1_35' title='bbox 1053 566 1138 597; x_wconf 88' lang='lat' dir='ltr'>tum</span> <span class='ocrx_word' id='word_1_36' title='bbox 1158 573 1208 597; x_wconf 87' lang='lat' dir='ltr'>ex</span> <span class='ocrx_word' id='word_1_37' title='bbox 1228 560 1288 604; x_wconf 90' lang='lat' dir='ltr'>iis,</span> <span class='ocrx_word' id='word_1_38' title='bbox 1311 571 1399 608; x_wconf 88' lang='lat' dir='ltr'>quae</span> <span class='ocrx_word' id='word_1_39' title='bbox 1420 572 1443 596; x_wconf 88' lang='lat' dir='ltr'>a</span> <span class='ocrx_word' id='word_1_40' title='bbox 1461 558 1630 596; x_wconf 89' lang='lat' dir='ltr'>Loebero</span> 
     </span>
     <span class='ocr_line' id='line_1_6' title="bbox 193 622 1631 673; baseline -0.001 -14"><span class='ocrx_word' id='word_1_41' title='bbox 193 623 236 659; x_wconf 90' lang='lat' dir='ltr'>in</span> <span class='ocrx_word' id='word_1_42' title='bbox 258 634 374 673; x_wconf 84' lang='lat' dir='ltr'>supra</span> <span class='ocrx_word' id='word_1_43' title='bbox 401 629 617 660; x_wconf 87' lang='lat' dir='ltr'>memorata</span> <span class='ocrx_word' id='word_1_44' title='bbox 635 622 926 659; x_wconf 79' lang='lat' dir='ltr'>Exercitatione</span> <span class='ocrx_word' id='word_1_45' title='bbox 961 623 1095 659; x_wconf 87' lang='lat' dir='ltr'>critica</span> <span class='ocrx_word' id='word_1_46' title='bbox 1110 635 1149 670; x_wconf 88' lang='lat' dir='ltr'>p.</span> <span class='ocrx_word' id='word_1_47' title='bbox 1166 622 1248 658; x_wconf 86' lang='lat' dir='ltr'>viii.</span> <span class='ocrx_word' id='word_1_48' title='bbox 1266 627 1476 658; x_wconf 89' lang='lat' dir='ltr'>narrantur</span> <span class='ocrx_word' id='word_1_49' title='bbox 1493 636 1502 658; x_wconf 74' lang='grc' dir='ltr'><strong>ε</strong></span> <span class='ocrx_word' id='word_1_50' title='bbox 1537 634 1631 658; x_wconf 89' lang='lat' dir='ltr'>nam</span> 
     </span>
     <span class='ocr_line' id='line_1_7' title="bbox 193 683 1630 734; baseline 0.001 -15"><span class='ocrx_word' id='word_1_51' title='bbox 193 686 398 734; x_wconf 89' lang='lat' dir='ltr'>usurpavit</span> <span class='ocrx_word' id='word_1_52' title='bbox 417 685 482 721; x_wconf 88' lang='lat' dir='ltr'>ille</span> <span class='ocrx_word' id='word_1_53' title='bbox 501 685 644 721; x_wconf 89' lang='lat' dir='ltr'>librum</span> <span class='ocrx_word' id='word_1_54' title='bbox 666 684 835 721; x_wconf 90' lang='lat' dir='ltr'>eundem</span> <span class='ocrx_word' id='word_1_55' title='bbox 870 696 919 720; x_wconf 85' lang='lat' dir='ltr'>ex</span> <span class='ocrx_word' id='word_1_56' title='bbox 950 683 1136 732; x_wconf 89' lang='lat' dir='ltr'>Cypriani</span> <span class='ocrx_word' id='word_1_57' title='bbox 1153 683 1330 733; x_wconf 83' lang='lat' dir='ltr'><strong>theologi</strong></span> <span class='ocrx_word' id='word_1_58' title='bbox 1347 683 1523 720; x_wconf 89' lang='lat' dir='ltr'>Gothani</span> <span class='ocrx_word' id='word_1_59' title='bbox 1543 684 1630 721; x_wconf 89' lang='lat' dir='ltr'>bib-</span> 
     </span>
     <span class='ocr_line' id='line_1_8' title="bbox 195 745 1631 789; baseline 0 -8"><span class='ocrx_word' id='word_1_60' title='bbox 195 746 375 784; x_wconf 85' lang='lat' dir='ltr'>liotheca.</span> <span class='ocrx_word' id='word_1_61' title='bbox 430 746 647 783; x_wconf 89' lang='lat' dir='ltr'>Enimvero</span> <span class='ocrx_word' id='word_1_62' title='bbox 684 746 921 789; x_wconf 86' lang='lat' dir='ltr'>Schmidius,</span> <span class='ocrx_word' id='word_1_63' title='bbox 956 745 1205 783; x_wconf 87' lang='lat' dir='ltr'>doctissimus</span> <span class='ocrx_word' id='word_1_64' title='bbox 1235 746 1307 789; x_wconf 90' lang='lat' dir='ltr'>vir,</span> <span class='ocrx_word' id='word_1_65' title='bbox 1328 745 1454 782; x_wconf 88' lang='lat' dir='ltr'>multo</span> <span class='ocrx_word' id='word_1_66' title='bbox 1501 746 1631 782; x_wconf 87' lang='lat' dir='ltr'>minus</span> 
     </span>
     <span class='ocr_line' id='line_1_9' title="bbox 194 807 1631 856; baseline 0.001 -14"><span class='ocrx_word' id='word_1_67' title='bbox 194 807 349 853; x_wconf 78' lang='lat' dir='ltr'>videtur</span> <span class='ocrx_word' id='word_1_68' title='bbox 365 808 547 844; x_wconf 83' lang='lat' dir='ltr'>tribuisse</span> <span class='ocrx_word' id='word_1_69' title='bbox 567 808 800 856; x_wconf 89' lang='lat' dir='ltr'>scriptorum</span> <span class='ocrx_word' id='word_1_70' title='bbox 811 807 875 843; x_wconf 91' lang='lat' dir='ltr'>vel</span> <span class='ocrx_word' id='word_1_71' title='bbox 893 807 1171 855; x_wconf 84' lang='lat' dir='ltr'>impressorum</span> <span class='ocrx_word' id='word_1_72' title='bbox 1184 807 1374 844; x_wconf 87' lang='lat' dir='ltr'>librorum</span> <span class='ocrx_word' id='word_1_73' title='bbox 1394 808 1631 846; x_wconf 77' lang='lat' dir='ltr'>auctoritati,</span> 
     </span>
     <span class='ocr_line' id='line_1_10' title="bbox 195 871 1630 920; baseline -0.001 -12"><span class='ocrx_word' id='word_1_74' title='bbox 195 883 312 919; x_wconf 90' lang='lat' dir='ltr'>quam</span> <span class='ocrx_word' id='word_1_75' title='bbox 334 873 447 908; x_wconf 88' lang='lat' dir='ltr'>certis</span> <span class='ocrx_word' id='word_1_76' title='bbox 465 872 680 908; x_wconf 89' lang='lat' dir='ltr'>rationibus</span> <span class='ocrx_word' id='word_1_77' title='bbox 697 872 882 914; x_wconf 87' lang='lat' dir='ltr'>metricis,</span> <span class='ocrx_word' id='word_1_78' title='bbox 898 883 994 920; x_wconf 88' lang='lat' dir='ltr'>quas</span> <span class='ocrx_word' id='word_1_79' title='bbox 1012 872 1093 919; x_wconf 88' lang='lat' dir='ltr'>ipse</span> <span class='ocrx_word' id='word_1_80' title='bbox 1113 871 1187 907; x_wconf 88' lang='lat' dir='ltr'>sibi</span> <span class='ocrx_word' id='word_1_81' title='bbox 1207 883 1254 908; x_wconf 82' lang='lat' dir='ltr'>ex</span> <span class='ocrx_word' id='word_1_82' title='bbox 1272 871 1436 919; x_wconf 87' lang='lat' dir='ltr'>antiquo</span> <span class='ocrx_word' id='word_1_83' title='bbox 1453 871 1630 915; x_wconf 89' lang='lat' dir='ltr'>metrico,</span> 
     </span>
     <span class='ocr_line' id='line_1_11' title="bbox 197 931 1632 980; baseline -0.001 -11"><span class='ocrx_word' id='word_1_84' title='bbox 197 937 236 969; x_wconf 89' lang='lat' dir='ltr'>et</span> <span class='ocrx_word' id='word_1_85' title='bbox 260 932 458 969; x_wconf 88' lang='lat' dir='ltr'>interdum</span> <span class='ocrx_word' id='word_1_86' title='bbox 485 938 610 969; x_wconf 89' lang='lat' dir='ltr'>metro</span> <span class='ocrx_word' id='word_1_87' title='bbox 634 932 890 968; x_wconf 86' lang='lat' dir='ltr'>adarbitrium</span> <span class='ocrx_word' id='word_1_88' title='bbox 927 933 1161 975; x_wconf 85' lang='lat' dir='ltr'>constituto,</span> <span class='ocrx_word' id='word_1_89' title='bbox 1181 931 1362 975; x_wconf 84' lang='lat' dir='ltr'>finxerat,</span> <span class='ocrx_word' id='word_1_90' title='bbox 1383 933 1632 980; x_wconf 88' lang='lat' dir='ltr'>acuteutique</span> 
     </span>
     <span class='ocr_line' id='line_1_12' title="bbox 196 993 1631 1042; baseline -0.001 -12"><span class='ocrx_word' id='word_1_91' title='bbox 196 1000 236 1031; x_wconf 87' lang='lat' dir='ltr'>et</span> <span class='ocrx_word' id='word_1_92' title='bbox 252 994 378 1037; x_wconf 87' lang='lat' dir='ltr'>docte,</span> <span class='ocrx_word' id='word_1_93' title='bbox 399 1005 501 1042; x_wconf 85' lang='lat' dir='ltr'>saepe</span> <span class='ocrx_word' id='word_1_94' title='bbox 520 998 652 1030; x_wconf 89' lang='lat' dir='ltr'>tamen</span> <span class='ocrx_word' id='word_1_95' title='bbox 671 1006 711 1030; x_wconf 88' lang='lat' dir='ltr'>re</span> <span class='ocrx_word' id='word_1_96' title='bbox 733 993 907 1030; x_wconf 89' lang='lat' dir='ltr'>nondum</span> <span class='ocrx_word' id='word_1_97' title='bbox 938 994 1030 1030; x_wconf 89' lang='lat' dir='ltr'>satis</span> <span class='ocrx_word' id='word_1_98' title='bbox 1048 993 1261 1041; x_wconf 85' lang='lat' dir='ltr'>explorata,</span> <span class='ocrx_word' id='word_1_99' title='bbox 1281 1004 1373 1029; x_wconf 89' lang='lat' dir='ltr'>cum</span> <span class='ocrx_word' id='word_1_100' title='bbox 1391 997 1430 1029; x_wconf 86' lang='lat' dir='ltr'>et</span> <span class='ocrx_word' id='word_1_101' title='bbox 1447 993 1529 1041; x_wconf 90' lang='lat' dir='ltr'>ipse</span> <span class='ocrx_word' id='word_1_102' title='bbox 1548 1005 1631 1029; x_wconf 85' lang='lat' dir='ltr'>me-</span> 
     </span>
     <span class='ocr_line' id='line_1_13' title="bbox 195 1055 1633 1104; baseline -0.001 -12"><span class='ocrx_word' id='word_1_103' title='bbox 195 1057 315 1093; x_wconf 85' lang='lat' dir='ltr'>tricus</span> <span class='ocrx_word' id='word_1_104' title='bbox 352 1056 450 1092; x_wconf 88' lang='lat' dir='ltr'>vitio</span> <span class='ocrx_word' id='word_1_105' title='bbox 481 1055 689 1099; x_wconf 84' lang='lat' dir='ltr'>laboraret,</span> <span class='ocrx_word' id='word_1_106' title='bbox 722 1060 789 1092; x_wconf 87' lang='lat' dir='ltr'>aut</span> <span class='ocrx_word' id='word_1_107' title='bbox 823 1067 1024 1104; x_wconf 82' lang='lat' dir='ltr'>perperam</span> <span class='ocrx_word' id='word_1_108' title='bbox 1056 1061 1227 1092; x_wconf 90' lang='lat' dir='ltr'>metrum</span> <span class='ocrx_word' id='word_1_109' title='bbox 1261 1055 1531 1099; x_wconf 85' lang='lat' dir='ltr'>constitueret,</span> <span class='ocrx_word' id='word_1_110' title='bbox 1565 1061 1633 1091; x_wconf 86' lang='lat' dir='ltr'>aut</span> 
     </span>
     <span class='ocr_line' id='line_1_14' title="bbox 197 1116 1632 1165; baseline -0.001 -11"><span class='ocrx_word' id='word_1_111' title='bbox 197 1117 421 1154; x_wconf 89' lang='lat' dir='ltr'>Schmidius</span> <span class='ocrx_word' id='word_1_112' title='bbox 456 1122 581 1153; x_wconf 89' lang='lat' dir='ltr'>metro</span> <span class='ocrx_word' id='word_1_113' title='bbox 613 1117 661 1153; x_wconf 90' lang='lat' dir='ltr'>ad</span> <span class='ocrx_word' id='word_1_114' title='bbox 697 1129 819 1153; x_wconf 87' lang='lat' dir='ltr'>unam</span> <span class='ocrx_word' id='word_1_115' title='bbox 855 1117 1067 1153; x_wconf 85' lang='lat' dir='ltr'>alteramve</span> <span class='ocrx_word' id='word_1_116' title='bbox 1105 1116 1320 1165; x_wconf 86' lang='lat' dir='ltr'>stropham,</span> <span class='ocrx_word' id='word_1_117' title='bbox 1342 1129 1632 1165; x_wconf 82' lang='lat' dir='ltr'>nonnunquam</span> 
     </span>
     <span class='ocr_line' id='line_1_15' title="bbox 197 1178 1633 1227; baseline 0.001 -13"><span class='ocrx_word' id='word_1_118' title='bbox 197 1179 243 1215; x_wconf 86' lang='lat' dir='ltr'>ad</span> <span class='ocrx_word' id='word_1_119' title='bbox 265 1190 366 1221; x_wconf 88' lang='lat' dir='ltr'>eam,</span> <span class='ocrx_word' id='word_1_120' title='bbox 387 1190 505 1226; x_wconf 90' lang='lat' dir='ltr'>quam</span> <span class='ocrx_word' id='word_1_121' title='bbox 527 1179 708 1215; x_wconf 88' lang='lat' dir='ltr'>omnium</span> <span class='ocrx_word' id='word_1_122' title='bbox 741 1179 907 1215; x_wconf 90' lang='lat' dir='ltr'>minime</span> <span class='ocrx_word' id='word_1_123' title='bbox 942 1179 1052 1227; x_wconf 84' lang='lat' dir='ltr'>sequi</span> <span class='ocrx_word' id='word_1_124' title='bbox 1084 1178 1262 1222; x_wconf 85' lang='lat' dir='ltr'>debebat,</span> <span class='ocrx_word' id='word_1_125' title='bbox 1284 1179 1502 1215; x_wconf 88' lang='lat' dir='ltr'>constituto</span> <span class='ocrx_word' id='word_1_126' title='bbox 1531 1180 1633 1227; x_wconf 87' lang='lat' dir='ltr'>pari-</span> 
     </span>
     <span class='ocr_line' id='line_1_16' title="bbox 196 1240 1634 1289; baseline 0.001 -13"><span class='ocrx_word' id='word_1_127' title='bbox 196 1241 253 1276; x_wconf 88' lang='lat' dir='ltr'>les</span> <span class='ocrx_word' id='word_1_128' title='bbox 271 1240 386 1276; x_wconf 89' lang='lat' dir='ltr'>nimis</span> <span class='ocrx_word' id='word_1_129' title='bbox 403 1240 586 1276; x_wconf 87' lang='lat' dir='ltr'>audacter</span> <span class='ocrx_word' id='word_1_130' title='bbox 601 1240 820 1289; x_wconf 87' lang='lat' dir='ltr'>refingeret.</span> <span class='ocrx_word' id='word_1_131' title='bbox 850 1240 988 1287; x_wconf 90' lang='lat' dir='ltr'>Itaque</span> <span class='ocrx_word' id='word_1_132' title='bbox 1005 1240 1153 1283; x_wconf 86' lang='lat' dir='ltr'>acerbe,</span> <span class='ocrx_word' id='word_1_133' title='bbox 1172 1245 1210 1276; x_wconf 90' lang='lat' dir='ltr'>et</span> <span class='ocrx_word' id='word_1_134' title='bbox 1227 1252 1328 1289; x_wconf 86' lang='lat' dir='ltr'>saepe</span> <span class='ocrx_word' id='word_1_135' title='bbox 1345 1241 1495 1277; x_wconf 88' lang='lat' dir='ltr'>scurrili</span> <span class='ocrx_word' id='word_1_136' title='bbox 1511 1242 1634 1277; x_wconf 89' lang='lat' dir='ltr'>licen-</span> 
     </span>
     <span class='ocr_line' id='line_1_17' title="bbox 195 1300 1633 1351; baseline 0.002 -14"><span class='ocrx_word' id='word_1_137' title='bbox 195 1302 251 1338; x_wconf 88' lang='lat' dir='ltr'>tia</span> <span class='ocrx_word' id='word_1_138' title='bbox 267 1302 486 1351; x_wconf 84' lang='lat' dir='ltr'>exagitatus</span> <span class='ocrx_word' id='word_1_139' title='bbox 501 1307 558 1338; x_wconf 90' lang='lat' dir='ltr'>est</span> <span class='ocrx_word' id='word_1_140' title='bbox 575 1314 597 1337; x_wconf 88' lang='lat' dir='ltr'>a</span> <span class='ocrx_word' id='word_1_141' title='bbox 617 1300 793 1344; x_wconf 85' lang='lat' dir='ltr'>Pauwio,</span> <span class='ocrx_word' id='word_1_142' title='bbox 813 1313 881 1349; x_wconf 93' lang='lat' dir='ltr'>pro</span> <span class='ocrx_word' id='word_1_143' title='bbox 900 1301 1011 1338; x_wconf 89' lang='lat' dir='ltr'>istius</span> <span class='ocrx_word' id='word_1_144' title='bbox 1030 1302 1153 1338; x_wconf 87' lang='lat' dir='ltr'>aetatis</span> <span class='ocrx_word' id='word_1_145' title='bbox 1165 1314 1285 1338; x_wconf 89' lang='lat' dir='ltr'>more.</span> <span class='ocrx_word' id='word_1_146' title='bbox 1322 1302 1452 1341; x_wconf 88' lang='lat' dir='ltr'>Quam</span> <span class='ocrx_word' id='word_1_147' title='bbox 1474 1303 1633 1351; x_wconf 89' lang='lat' dir='ltr'>quidem</span> 
     </span>
     <span class='ocr_line' id='line_1_18' title="bbox 196 1362 1634 1410; baseline 0.001 -12"><span class='ocrx_word' id='word_1_148' title='bbox 196 1362 479 1399; x_wconf 77' lang='lat' dir='ltr'>maledicentiae</span> <span class='ocrx_word' id='word_1_149' title='bbox 500 1368 539 1398; x_wconf 92' lang='lat' dir='ltr'>et</span> <span class='ocrx_word' id='word_1_150' title='bbox 567 1374 708 1398; x_wconf 85' lang='lat' dir='ltr'>amarae</span> <span class='ocrx_word' id='word_1_151' title='bbox 740 1362 1011 1398; x_wconf 80' lang='lat' dir='ltr'>insectationis</span> <span class='ocrx_word' id='word_1_152' title='bbox 1042 1363 1243 1399; x_wconf 84' lang='lat' dir='ltr'>infamiam</span> <span class='ocrx_word' id='word_1_153' title='bbox 1278 1376 1300 1399; x_wconf 88' lang='lat' dir='ltr'>a</span> <span class='ocrx_word' id='word_1_154' title='bbox 1320 1364 1458 1400; x_wconf 89' lang='lat' dir='ltr'>studiis</span> <span class='ocrx_word' id='word_1_155' title='bbox 1478 1365 1634 1410; x_wconf 84' lang='lat' dir='ltr'>nostris,</span> 
     </span>
     <span class='ocr_line' id='line_1_19' title="bbox 196 1424 1635 1474; baseline 0.002 -14"><span class='ocrx_word' id='word_1_156' title='bbox 196 1436 283 1472; x_wconf 83' lang='lat' dir='ltr'>quae</span> <span class='ocrx_word' id='word_1_157' title='bbox 303 1424 388 1472; x_wconf 91' lang='lat' dir='ltr'>ipso</span> <span class='ocrx_word' id='word_1_158' title='bbox 408 1424 571 1460; x_wconf 88' lang='lat' dir='ltr'>nomine</span> <span class='ocrx_word' id='word_1_159' title='bbox 600 1424 888 1460; x_wconf 84' lang='lat' dir='ltr'>humanitatem</span> <span class='ocrx_word' id='word_1_160' title='bbox 904 1425 1153 1473; x_wconf 85' lang='lat' dir='ltr'>profitentur,</span> <span class='ocrx_word' id='word_1_161' title='bbox 1176 1437 1282 1461; x_wconf 88' lang='lat' dir='ltr'>nunc</span> <span class='ocrx_word' id='word_1_162' title='bbox 1297 1424 1320 1447; x_wconf 71' lang='lat'>÷÷</span> <span class='ocrx_word' id='word_1_163' title='bbox 1336 1437 1417 1462; x_wconf 88' lang='lat' dir='ltr'>esse</span> <span class='ocrx_word' id='word_1_164' title='bbox 1432 1425 1635 1474; x_wconf 86' lang='lat' dir='ltr'>depulsam</span> 
     </span>
     <span class='ocr_line' id='line_1_20' title="bbox 197 1485 1635 1536; baseline 0.002 -14"><span class='ocrx_word' id='word_1_165' title='bbox 197 1497 436 1535; x_wconf 85' lang='lat' dir='ltr'>magnopere</span> <span class='ocrx_word' id='word_1_166' title='bbox 455 1486 713 1535; x_wconf 84' lang='lat' dir='ltr'>gratulamur.</span> <span class='ocrx_word' id='word_1_167' title='bbox 768 1486 914 1522; x_wconf 88' lang='lat' dir='ltr'>Saltem</span> <span class='ocrx_word' id='word_1_168' title='bbox 936 1487 1074 1522; x_wconf 90' lang='lat' dir='ltr'>doctus</span> <span class='ocrx_word' id='word_1_169' title='bbox 1114 1494 1152 1522; x_wconf 88' lang='lat' dir='ltr'>et</span> <span class='ocrx_word' id='word_1_170' title='bbox 1172 1498 1307 1534; x_wconf 81' lang='lat' dir='ltr'>aequus</span> <span class='ocrx_word' id='word_1_171' title='bbox 1329 1487 1494 1536; x_wconf 87' lang='lat' dir='ltr'>quisque</span> <span class='ocrx_word' id='word_1_172' title='bbox 1511 1485 1635 1534; x_wconf 84' lang='lat' dir='ltr'>judex</span> 
     </span>
     <span class='ocr_line' id='line_1_21' title="bbox 195 1547 1635 1596; baseline 0.003 -13"><span class='ocrx_word' id='word_1_173' title='bbox 195 1547 397 1590; x_wconf 86' lang='lat' dir='ltr'>fatebitur,</span> <span class='ocrx_word' id='word_1_174' title='bbox 419 1547 608 1583; x_wconf 88' lang='lat' dir='ltr'>Schmidii</span> <span class='ocrx_word' id='word_1_175' title='bbox 629 1547 812 1583; x_wconf 89' lang='lat' dir='ltr'>acumine</span> <span class='ocrx_word' id='word_1_176' title='bbox 832 1553 869 1583; x_wconf 89' lang='lat' dir='ltr'>et</span> <span class='ocrx_word' id='word_1_177' title='bbox 890 1547 1098 1596; x_wconf 85' lang='lat' dir='ltr'>diligentia</span> <span class='ocrx_word' id='word_1_178' title='bbox 1129 1548 1292 1584; x_wconf 86' lang='lat' dir='ltr'>infinitis</span> <span class='ocrx_word' id='word_1_179' title='bbox 1320 1549 1418 1586; x_wconf 62' lang='lat' dir='ltr'>‘locis</span> <span class='ocrx_word' id='word_1_180' title='bbox 1450 1551 1635 1587; x_wconf 89' lang='lat' dir='ltr'>emenda-</span> 
     </span>
     <span class='ocr_line' id='line_1_22' title="bbox 198 1607 1634 1658; baseline 0.003 -15"><span class='ocrx_word' id='word_1_181' title='bbox 198 1608 338 1643; x_wconf 87' lang='lat' dir='ltr'>tiorem</span> <span class='ocrx_word' id='word_1_182' title='bbox 360 1619 431 1644; x_wconf 90' lang='lat' dir='ltr'>nos</span> <span class='ocrx_word' id='word_1_183' title='bbox 451 1607 593 1644; x_wconf 88' lang='lat' dir='ltr'>habere</span> <span class='ocrx_word' id='word_1_184' title='bbox 612 1613 769 1655; x_wconf 86' lang='lat' dir='ltr'>poetam</span> <span class='ocrx_word' id='word_1_185' title='bbox 788 1624 798 1654; x_wconf 84' lang='lat'><em>3</em></span> <span class='ocrx_word' id='word_1_186' title='bbox 836 1613 921 1644; x_wconf 87' lang='lat' dir='ltr'>tum</span> <span class='ocrx_word' id='word_1_187' title='bbox 954 1609 996 1644; x_wconf 91' lang='lat' dir='ltr'>in</span> <span class='ocrx_word' id='word_1_188' title='bbox 1017 1609 1065 1645; x_wconf 90' lang='lat' dir='ltr'>iis</span> <span class='ocrx_word' id='word_1_189' title='bbox 1087 1620 1257 1657; x_wconf 90' lang='lat' dir='ltr'>quoque,</span> <span class='ocrx_word' id='word_1_190' title='bbox 1279 1610 1321 1646; x_wconf 88' lang='lat' dir='ltr'>in</span> <span class='ocrx_word' id='word_1_191' title='bbox 1343 1611 1485 1658; x_wconf 90' lang='lat' dir='ltr'>quibus</span> <span class='ocrx_word' id='word_1_192' title='bbox 1506 1612 1634 1648; x_wconf 90' lang='lat' dir='ltr'>hallu-</span> 
     </span>
     <span class='ocr_line' id='line_1_23' title="bbox 197 1669 1635 1718; baseline 0.004 -14"><span class='ocrx_word' id='word_1_193' title='bbox 197 1669 366 1712; x_wconf 85' lang='lat' dir='ltr'>cinatur,</span> <span class='ocrx_word' id='word_1_194' title='bbox 388 1670 594 1718; x_wconf 84' lang='lat' dir='ltr'>ingeniose</span> <span class='ocrx_word' id='word_1_195' title='bbox 613 1674 747 1706; x_wconf 88' lang='lat' dir='ltr'>tamen</span> <span class='ocrx_word' id='word_1_196' title='bbox 783 1675 821 1705; x_wconf 88' lang='lat' dir='ltr'>et</span> <span class='ocrx_word' id='word_1_197' title='bbox 853 1670 1045 1718; x_wconf 84' lang='lat' dir='ltr'>sagaciter</span> <span class='ocrx_word' id='word_1_198' title='bbox 1076 1671 1262 1707; x_wconf 83' lang='lat' dir='ltr'>hariolari</span> <span class='ocrx_word' id='word_1_199' title='bbox 1292 1672 1420 1709; x_wconf 86' lang='lat' dir='ltr'>virum</span> <span class='ocrx_word' id='word_1_200' title='bbox 1456 1673 1635 1711; x_wconf 74' lang='lat' dir='ltr'>doetissi-</span> 
     </span>
     <span class='ocr_line' id='line_1_24' title="bbox 200 1730 1635 1781; baseline 0.004 -13"><span class='ocrx_word' id='word_1_201' title='bbox 200 1745 321 1768; x_wconf 90' lang='lat' dir='ltr'>mum.</span> <span class='ocrx_word' id='word_1_202' title='bbox 376 1732 588 1781; x_wconf 88' lang='lat' dir='ltr'>Exemplar</span> <span class='ocrx_word' id='word_1_203' title='bbox 615 1730 704 1770; x_wconf 72' lang='lat' dir='ltr'>ante</span> <span class='ocrx_word' id='word_1_204' title='bbox 733 1733 868 1770; x_wconf 91' lang='lat' dir='ltr'>oculos</span> <span class='ocrx_word' id='word_1_205' title='bbox 897 1734 1080 1770; x_wconf 86' lang='lat' dir='ltr'>habuisse</span> <span class='ocrx_word' id='word_1_206' title='bbox 1109 1739 1148 1770; x_wconf 86' lang='lat' dir='ltr'>et</span> <span class='ocrx_word' id='word_1_207' title='bbox 1178 1735 1453 1772; x_wconf 83' lang='lat' dir='ltr'>excudendum</span> <span class='ocrx_word' id='word_1_208' title='bbox 1485 1737 1635 1775; x_wconf 88' lang='lat' dir='ltr'>dedisse</span> 
     </span>
     <span class='ocr_line' id='line_1_25' title="bbox 198 1793 1636 1849; baseline 0.005 -21"><span class='ocrx_word' id='word_1_209' title='bbox 198 1793 353 1830; x_wconf 84' lang='lat' dir='ltr'>videtur</span> <span class='ocrx_word' id='word_1_210' title='bbox 371 1794 692 1837; x_wconf 90' lang='lat' dir='ltr'>Cratandrinum,</span> <span class='ocrx_word' id='word_1_211' title='bbox 715 1794 867 1830; x_wconf 86' lang='lat' dir='ltr'>deserto</span> <span class='ocrx_word' id='word_1_212' title='bbox 886 1795 1100 1842; x_wconf 83' lang='lat' dir='ltr'>Stephano,</span> <span class='ocrx_word' id='word_1_213' title='bbox 1119 1808 1235 1844; x_wconf 88' lang='lat' dir='ltr'>quem</span> <span class='ocrx_word' id='word_1_214' title='bbox 1255 1808 1337 1832; x_wconf 92' lang='lat' dir='ltr'>non</span> <span class='ocrx_word' id='word_1_215' title='bbox 1356 1798 1449 1834; x_wconf 89' lang='lat' dir='ltr'>satis</span> <span class='ocrx_word' id='word_1_216' title='bbox 1469 1798 1636 1849; x_wconf 85' lang='lat' dir='ltr'>diligen-</span> 
     </span>
     <span class='ocr_line' id='line_1_26' title="bbox 197 1855 1635 1907; baseline 0.005 -16"><span class='ocrx_word' id='word_1_217' title='bbox 197 1861 256 1892; x_wconf 87' lang='lat' dir='ltr'>ter</span> <span class='ocrx_word' id='word_1_218' title='bbox 275 1856 418 1903; x_wconf 89' lang='lat' dir='ltr'>passim</span> <span class='ocrx_word' id='word_1_219' title='bbox 440 1856 652 1900; x_wconf 89' lang='lat' dir='ltr'>consuluit,</span> <span class='ocrx_word' id='word_1_220' title='bbox 673 1857 734 1893; x_wconf 87' lang='lat' dir='ltr'>uti</span> <span class='ocrx_word' id='word_1_221' title='bbox 755 1867 828 1892; x_wconf 89' lang='lat' dir='ltr'>nec</span> <span class='ocrx_word' id='word_1_222' title='bbox 848 1855 992 1892; x_wconf 88' lang='lat' dir='ltr'>Aldum</span> <span class='ocrx_word' id='word_1_223' title='bbox 1012 1862 1051 1893; x_wconf 88' lang='lat' dir='ltr'>et</span> <span class='ocrx_word' id='word_1_224' title='bbox 1070 1858 1312 1907; x_wconf 89' lang='lat' dir='ltr'>Calliergum</span> <span class='ocrx_word' id='word_1_225' title='bbox 1329 1875 1340 1905; x_wconf 80' lang='lat'><em>3</em></span> <span class='ocrx_word' id='word_1_226' title='bbox 1371 1859 1411 1895; x_wconf 89' lang='lat' dir='ltr'>id</span> <span class='ocrx_word' id='word_1_227' title='bbox 1431 1861 1535 1907; x_wconf 90' lang='lat' dir='ltr'>quod</span> <span class='ocrx_word' id='word_1_228' title='bbox 1552 1873 1635 1898; x_wconf 89' lang='lat' dir='ltr'>me-</span> 
     </span>
     <span class='ocr_line' id='line_1_27' title="bbox 198 1917 1635 1972; baseline 0.007 -20"><span class='ocrx_word' id='word_1_229' title='bbox 198 1917 273 1953; x_wconf 87' lang='lat' dir='ltr'>rito</span> <span class='ocrx_word' id='word_1_230' title='bbox 295 1918 455 1953; x_wconf 85' lang='lat' dir='ltr'>mireris.</span> <span class='ocrx_word' id='word_1_231' title='bbox 511 1917 643 1954; x_wconf 89' lang='lat' dir='ltr'>Etiam</span> <span class='ocrx_word' id='word_1_232' title='bbox 659 1918 810 1954; x_wconf 88' lang='lat' dir='ltr'>scholia</span> <span class='ocrx_word' id='word_1_233' title='bbox 839 1923 876 1953; x_wconf 89' lang='lat' dir='ltr'>et</span> <span class='ocrx_word' id='word_1_234' title='bbox 895 1919 1160 1967; x_wconf 89' lang='lat' dir='ltr'>metaphrasin</span> <span class='ocrx_word' id='word_1_235' title='bbox 1184 1921 1494 1966; x_wconf 85' lang='lat' dir='ltr'>interlinearem,</span> <span class='ocrx_word' id='word_1_236' title='bbox 1515 1936 1635 1972; x_wconf 90' lang='lat' dir='ltr'>quam</span> 
     </span>
     <span class='ocr_line' id='line_1_28' title="bbox 200 1976 1633 2031; baseline 0.006 -17"><span class='ocrx_word' id='word_1_237' title='bbox 200 1978 302 2015; x_wconf 88' lang='lat' dir='ltr'>binis</span> <span class='ocrx_word' id='word_1_238' title='bbox 322 1991 368 2015; x_wconf 86' lang='lat' dir='ltr'>ex</span> <span class='ocrx_word' id='word_1_239' title='bbox 390 1978 577 2015; x_wconf 89' lang='lat' dir='ltr'>Palatinis</span> <span class='ocrx_word' id='word_1_240' title='bbox 597 1976 826 2025; x_wconf 88' lang='lat' dir='ltr'>adjunctam</span> <span class='ocrx_word' id='word_1_241' title='bbox 848 1979 969 2015; x_wconf 87' lang='lat' dir='ltr'>fuisse</span> <span class='ocrx_word' id='word_1_242' title='bbox 989 1992 1037 2016; x_wconf 87' lang='lat' dir='ltr'>ex</span> <span class='ocrx_word' id='word_1_243' title='bbox 1057 1981 1258 2031; x_wconf 85' lang='lat' dir='ltr'>Sylburgii</span> <span class='ocrx_word' id='word_1_244' title='bbox 1286 1982 1411 2020; x_wconf 84' lang='lat' dir='ltr'>Catal.</span> <span class='ocrx_word' id='word_1_245' title='bbox 1430 1984 1526 2022; x_wconf 89' lang='lat' dir='ltr'>Mss.</span> <span class='ocrx_word' id='word_1_246' title='bbox 1548 1986 1633 2023; x_wconf 88' lang='lat' dir='ltr'>bib-</span> 
     </span>
     <span class='ocr_line' id='line_1_29' title="bbox 199 2035 1636 2096; baseline 0.007 -21"><span class='ocrx_word' id='word_1_247' title='bbox 199 2039 313 2076; x_wconf 89' lang='lat' dir='ltr'>lioth.</span> <span class='ocrx_word' id='word_1_248' title='bbox 341 2035 480 2077; x_wconf 62' lang='lat' dir='ltr'>,Palem</span> <span class='ocrx_word' id='word_1_249' title='bbox 510 2040 657 2076; x_wconf 89' lang='lat' dir='ltr'>discere</span> <span class='ocrx_word' id='word_1_250' title='bbox 686 2041 793 2084; x_wconf 90' lang='lat' dir='ltr'>licet,</span> <span class='ocrx_word' id='word_1_251' title='bbox 815 2041 1004 2090; x_wconf 85' lang='lat' dir='ltr'>neglexit.</span> <span class='ocrx_word' id='word_1_252' title='bbox 1031 2042 1080 2078; x_wconf 82' lang='lat' dir='ltr'>ln</span> <span class='ocrx_word' id='word_1_253' title='bbox 1102 2045 1386 2082; x_wconf 85' lang='lat' dir='ltr'>commentario</span> <span class='ocrx_word' id='word_1_254' title='bbox 1405 2058 1498 2083; x_wconf 88' lang='lat' dir='ltr'>vero</span> <span class='ocrx_word' id='word_1_255' title='bbox 1518 2060 1636 2096; x_wconf 88' lang='lat' dir='ltr'>opera</span> 
     </span>
     <span class='ocr_line' id='line_1_30' title="bbox 193 2098 1633 2155; baseline 0.006 -19"><span class='ocrx_word' id='word_1_256' title='bbox 193 2100 356 2148; x_wconf 88' lang='lat' dir='ltr'>quidem</span> <span class='ocrx_word' id='word_1_257' title='bbox 376 2098 408 2146; x_wconf 88' lang='lat' dir='ltr'>ej</span> <span class='ocrx_word' id='word_1_258' title='bbox 417 2113 460 2137; x_wconf 89' lang='lat' dir='ltr'>us</span> <span class='ocrx_word' id='word_1_259' title='bbox 479 2106 538 2138; x_wconf 88' lang='lat' dir='ltr'>est</span> <span class='ocrx_word' id='word_1_260' title='bbox 559 2101 662 2138; x_wconf 86' lang='lat' dir='ltr'>haud</span> <span class='ocrx_word' id='word_1_261' title='bbox 682 2103 983 2146; x_wconf 86' lang='lat' dir='ltr'>contemnenda,</span> <span class='ocrx_word' id='word_1_262' title='bbox 1005 2108 1044 2140; x_wconf 91' lang='lat' dir='ltr'>et</span> <span class='ocrx_word' id='word_1_263' title='bbox 1065 2104 1245 2141; x_wconf 91' lang='lat' dir='ltr'>doctrina</span> <span class='ocrx_word' id='word_1_264' title='bbox 1265 2107 1463 2153; x_wconf 88' lang='lat' dir='ltr'>praeclara,</span> <span class='ocrx_word' id='word_1_265' title='bbox 1485 2109 1550 2145; x_wconf 88' lang='lat' dir='ltr'>sed</span> <span class='ocrx_word' id='word_1_266' title='bbox 1566 2106 1633 2155; x_wconf 87' lang='lat' dir='ltr'>ju-</span> 
     </span>
     <span class='ocr_line' id='line_1_31' title="bbox 197 2161 1636 2215; baseline 0.008 -18"><span class='ocrx_word' id='word_1_267' title='bbox 197 2161 344 2197; x_wconf 88' lang='lat' dir='ltr'>dicium</span> <span class='ocrx_word' id='word_1_268' title='bbox 382 2163 540 2198; x_wconf 86' lang='lat' dir='ltr'>illorum</span> <span class='ocrx_word' id='word_1_269' title='bbox 578 2171 801 2212; x_wconf 84' lang='lat' dir='ltr'>temporum</span> <span class='ocrx_word' id='word_1_270' title='bbox 839 2163 970 2200; x_wconf 81' lang='lat' dir='ltr'>studia</span> <span class='ocrx_word' id='word_1_271' title='bbox 1007 2170 1045 2202; x_wconf 89' lang='lat' dir='ltr'>et</span> <span class='ocrx_word' id='word_1_272' title='bbox 1083 2167 1264 2215; x_wconf 81' lang='lat' dir='ltr'>exempla</span> <span class='ocrx_word' id='word_1_273' title='bbox 1303 2167 1636 2209; x_wconf 82' lang='lat' dir='ltr'>suffiaminabant.</span> 
     </span>
     <span class='ocr_line' id='line_1_32' title="bbox 197 2222 1634 2275; baseline 0.008 -18"><span class='ocrx_word' id='word_1_274' title='bbox 197 2222 301 2257; x_wconf 90' lang='lat' dir='ltr'>Cum</span> <span class='ocrx_word' id='word_1_275' title='bbox 321 2222 428 2258; x_wconf 88' lang='lat' dir='ltr'>enim</span> <span class='ocrx_word' id='word_1_276' title='bbox 460 2228 563 2260; x_wconf 92' lang='lat' dir='ltr'>recte</span> <span class='ocrx_word' id='word_1_277' title='bbox 583 2223 656 2260; x_wconf 86' lang='lat' dir='ltr'>hoc</span> <span class='ocrx_word' id='word_1_278' title='bbox 676 2224 867 2261; x_wconf 83' lang='lat' dir='ltr'>vidissent</span> <span class='ocrx_word' id='word_1_279' title='bbox 887 2225 1083 2270; x_wconf 86' lang='lat' dir='ltr'>homines,</span> <span class='ocrx_word' id='word_1_280' title='bbox 1104 2228 1146 2264; x_wconf 88' lang='lat' dir='ltr'>in</span> <span class='ocrx_word' id='word_1_281' title='bbox 1169 2228 1281 2264; x_wconf 87' lang='lat' dir='ltr'>omni</span> <span class='ocrx_word' id='word_1_282' title='bbox 1295 2230 1493 2275; x_wconf 83' lang='lat' dir='ltr'>oratione,</span> <span class='ocrx_word' id='word_1_283' title='bbox 1515 2233 1634 2269; x_wconf 89' lang='lat' dir='ltr'>etiam</span> 
     </span>
     <span class='ocr_line' id='line_1_33' title="bbox 198 2283 1632 2342; baseline 0.009 -25"><span class='ocrx_word' id='word_1_284' title='bbox 198 2293 256 2323; x_wconf 87' lang='lat' dir='ltr'>ea,</span> <span class='ocrx_word' id='word_1_285' title='bbox 277 2293 396 2330; x_wconf 88' lang='lat' dir='ltr'>quam</span> <span class='ocrx_word' id='word_1_286' title='bbox 426 2283 512 2331; x_wconf 91' lang='lat' dir='ltr'>quis</span> <span class='ocrx_word' id='word_1_287' title='bbox 543 2284 831 2333; x_wconf 88' lang='lat' dir='ltr'>interpretetur,</span> <span class='ocrx_word' id='word_1_288' title='bbox 853 2285 900 2321; x_wconf 87' lang='lat' dir='ltr'>ad</span> <span class='ocrx_word' id='word_1_289' title='bbox 931 2289 1156 2337; x_wconf 87' lang='lat' dir='ltr'>argumenti</span> <span class='ocrx_word' id='word_1_290' title='bbox 1187 2301 1399 2334; x_wconf 88' lang='lat' dir='ltr'>summam,</span> <span class='ocrx_word' id='word_1_291' title='bbox 1422 2304 1632 2342; x_wconf 85' lang='lat' dir='ltr'>rerumque</span> 
     </span>
     <span class='ocr_line' id='line_1_34' title="bbox 197 2344 1633 2400; baseline 0.008 -21"><span class='ocrx_word' id='word_1_292' title='bbox 197 2344 471 2381; x_wconf 85' lang='lat' dir='ltr'>tractationem</span> <span class='ocrx_word' id='word_1_293' title='bbox 500 2357 544 2381; x_wconf 86' lang='lat' dir='ltr'>ac</span> <span class='ocrx_word' id='word_1_294' title='bbox 570 2346 866 2394; x_wconf 88' lang='lat' dir='ltr'>dispositionem</span> <span class='ocrx_word' id='word_1_295' title='bbox 896 2349 1076 2386; x_wconf 89' lang='lat' dir='ltr'>animum</span> <span class='ocrx_word' id='word_1_296' title='bbox 1107 2362 1190 2387; x_wconf 87' lang='lat' dir='ltr'>esse</span> <span class='ocrx_word' id='word_1_297' title='bbox 1218 2351 1522 2397; x_wconf 85' lang='lat' dir='ltr'>intendendum,</span> <span class='ocrx_word' id='word_1_298' title='bbox 1546 2367 1633 2400; x_wconf 89' lang='lat' dir='ltr'>nec,</span> 
     </span>
     <span class='ocr_line' id='line_1_35' title="bbox 197 2408 1631 2462; baseline 0.008 -21"><span class='ocrx_word' id='word_1_299' title='bbox 197 2416 353 2442; x_wconf 85' lang='lat' dir='ltr'>summa</span> <span class='ocrx_word' id='word_1_300' title='bbox 372 2418 415 2443; x_wconf 91' lang='lat' dir='ltr'>ac</span> <span class='ocrx_word' id='word_1_301' title='bbox 436 2408 561 2455; x_wconf 89' lang='lat' dir='ltr'>capite</span> <span class='ocrx_word' id='word_1_302' title='bbox 581 2409 707 2456; x_wconf 89' lang='lat' dir='ltr'>operis</span> <span class='ocrx_word' id='word_1_303' title='bbox 727 2409 887 2452; x_wconf 87' lang='lat' dir='ltr'>omisso,</span> <span class='ocrx_word' id='word_1_304' title='bbox 907 2410 1134 2449; x_wconf 72' lang='lat' dir='ltr'>haerendum</span> <span class='ocrx_word' id='word_1_305' title='bbox 1157 2413 1198 2449; x_wconf 88' lang='lat' dir='ltr'>in</span> <span class='ocrx_word' id='word_1_306' title='bbox 1218 2414 1390 2462; x_wconf 73' lang='lat' dir='ltr'>singulis</span> <span class='ocrx_word' id='word_1_307' title='bbox 1415 2416 1567 2452; x_wconf 88' lang='lat' dir='ltr'>voculis</span> <span class='ocrx_word' id='word_1_308' title='bbox 1592 2423 1631 2453; x_wconf 91' lang='lat' dir='ltr'>et</span> 
     </span>
     <span class='ocr_line' id='line_1_36' title="bbox 198 2467 1633 2523; baseline 0.009 -21"><span class='ocrx_word' id='word_1_309' title='bbox 198 2467 536 2505; x_wconf 86' lang='lat' dir='ltr'>enuntiationibus</span> <span class='ocrx_word' id='word_1_310' title='bbox 554 2485 561 2505; x_wconf 89' lang='lat'>:</span> <span class='ocrx_word' id='word_1_311' title='bbox 599 2475 779 2506; x_wconf 86' lang='lat' dir='ltr'>errarunt</span> <span class='ocrx_word' id='word_1_312' title='bbox 799 2477 933 2508; x_wconf 84' lang='lat' dir='ltr'>tamen</span> <span class='ocrx_word' id='word_1_313' title='bbox 952 2473 991 2509; x_wconf 90' lang='lat' dir='ltr'>in</span> <span class='ocrx_word' id='word_1_314' title='bbox 1012 2486 1072 2517; x_wconf 92' lang='lat' dir='ltr'>eo,</span> <span class='ocrx_word' id='word_1_315' title='bbox 1093 2473 1197 2522; x_wconf 87' lang='lat' dir='ltr'>quod</span> <span class='ocrx_word' id='word_1_316' title='bbox 1219 2487 1376 2512; x_wconf 85' lang='lat' dir='ltr'>omnem</span> <span class='ocrx_word' id='word_1_317' title='bbox 1398 2478 1633 2523; x_wconf 88' lang='lat' dir='ltr'>orationem,</span> 
     </span>
     <span class='ocr_line' id='line_1_37' title="bbox 197 2528 1633 2584; baseline 0.008 -21"><span class='ocrx_word' id='word_1_318' title='bbox 197 2528 315 2564; x_wconf 90' lang='lat' dir='ltr'>etiam</span> <span class='ocrx_word' id='word_1_319' title='bbox 334 2530 542 2577; x_wconf 90' lang='lat' dir='ltr'>poeticam,</span> <span class='ocrx_word' id='word_1_320' title='bbox 560 2531 606 2567; x_wconf 87' lang='lat' dir='ltr'>ad</span> <span class='ocrx_word' id='word_1_321' title='bbox 625 2532 835 2568; x_wconf 88' lang='lat' dir='ltr'>rhetorices</span> <span class='ocrx_word' id='word_1_322' title='bbox 853 2540 1060 2582; x_wconf 83' lang='lat' dir='ltr'>praecepta,</span> <span class='ocrx_word' id='word_1_323' title='bbox 1081 2548 1169 2584; x_wconf 83' lang='lat' dir='ltr'>quae</span> <span class='ocrx_word' id='word_1_324' title='bbox 1187 2541 1270 2572; x_wconf 90' lang='lat' dir='ltr'>tum</span> <span class='ocrx_word' id='word_1_325' title='bbox 1291 2550 1338 2573; x_wconf 79' lang='lat' dir='ltr'>ex</span> <span class='ocrx_word' id='word_1_326' title='bbox 1355 2537 1633 2576; x_wconf 89' lang='lat' dir='ltr'>Melanchtho-</span> 
     </span>
     <span class='ocr_line' id='line_1_38' title="bbox 198 2589 1633 2650; baseline 0.009 -26"><span class='ocrx_word' id='word_1_327' title='bbox 198 2589 259 2624; x_wconf 81' lang='lat' dir='ltr'>nis</span> <span class='ocrx_word' id='word_1_328' title='bbox 281 2590 343 2626; x_wconf 88' lang='lat' dir='ltr'>vel</span> <span class='ocrx_word' id='word_1_329' title='bbox 365 2591 537 2639; x_wconf 89' lang='lat' dir='ltr'>Chytraei</span> <span class='ocrx_word' id='word_1_330' title='bbox 554 2592 800 2640; x_wconf 89' lang='lat' dir='ltr'>aliorumque</span> <span class='ocrx_word' id='word_1_331' title='bbox 819 2594 962 2631; x_wconf 88' lang='lat' dir='ltr'>libellis</span> <span class='ocrx_word' id='word_1_332' title='bbox 984 2597 1181 2634; x_wconf 83' lang='lat' dir='ltr'>addiscere</span> <span class='ocrx_word' id='word_1_333' title='bbox 1198 2599 1393 2643; x_wconf 83' lang='lat' dir='ltr'>solebant,</span> <span class='ocrx_word' id='word_1_334' title='bbox 1414 2601 1633 2650; x_wconf 86' lang='lat' dir='ltr'>exigerent.</span> 
     </span>
    </p>
   </div>
   <div class='ocr_carea' id='block_1_3' title="bbox 199 2651 1630 2703">
    <p class='ocr_par' dir='ltr' id='par_1_3' title="bbox 199 2651 1630 2703">
     <span class='ocr_line' id='line_1_39' title="bbox 199 2651 1630 2703; baseline 0.009 -15"><span class='ocrx_word' id='word_1_335' title='bbox 199 2651 337 2701; x_wconf 80' lang='lat' dir='ltr'>ltaque</span> <span class='ocrx_word' id='word_1_336' title='bbox 357 2659 514 2703; x_wconf 86' lang='lat' dir='ltr'>poetam</span> <span class='ocrx_word' id='word_1_337' title='bbox 530 2666 647 2695; x_wconf 87' lang='lat' dir='ltr'>suum</span> <span class='ocrx_word' id='word_1_338' title='bbox 665 2656 888 2695; x_wconf 84' lang='lat' dir='ltr'>Schmidius</span> <span class='ocrx_word' id='word_1_339' title='bbox 905 2658 953 2694; x_wconf 87' lang='lat' dir='ltr'>ad</span> <span class='ocrx_word' id='word_1_340' title='bbox 971 2661 1210 2698; x_wconf 88' lang='lat' dir='ltr'>rhetoricum</span> <span class='ocrx_word' id='word_1_341' title='bbox 1232 2662 1390 2699; x_wconf 88' lang='lat' dir='ltr'>schema</span> <span class='ocrx_word' id='word_1_342' title='bbox 1406 2669 1630 2701; x_wconf 82' lang='lat' dir='ltr'>revocatum</span> 
     </span>
    </p>
   </div>
   <div class='ocr_carea' id='block_1_4' title="bbox 662 2782 1167 2824">
    <p class='ocr_par' dir='ltr' id='par_1_4' title="bbox 662 2782 1167 2824">
     <span class='ocr_line' id='line_1_40' title="bbox 662 2782 1167 2824; baseline 0.008 -11"><span class='ocrx_word' id='word_1_343' title='bbox 662 2782 679 2801; x_wconf 67' lang='lat'>³⁶</span> <span class='ocrx_word' id='word_1_344' title='bbox 702 2782 823 2824; x_wconf 73' lang='lat' dir='ltr'>ScriPts</span> <span class='ocrx_word' id='word_1_345' title='bbox 839 2785 903 2816; x_wconf 75' lang='lat' dir='ltr'>haec</span> <span class='ocrx_word' id='word_1_346' title='bbox 920 2793 1051 2817; x_wconf 77' lang='lat' dir='ltr'>etanta.</span> <span class='ocrx_word' id='word_1_347' title='bbox 1075 2785 1167 2817; x_wconf 75' lang='lat' dir='ltr'>lxxiv.</span> 
     </span>
    </p>
   </div>
  </div>
 </body>
</html>
